3084 4958
549 201 766 258 Emendationes
786 203 966 274 Aeschyleae.
1278 205 1341 270 129

169 389 236 431 esse
254 374 429 432 oratores.
467 371 542 431 Post
555 371 683 432 sedecim
698 390 791 433 annos
805 373 937 432 nondum
951 373 1037 434 rideo
1051 374 1123 451 quid
1142 373 1255 435 obstet
1272 374 1342 435 huic

169 459 365 522 coniecturae.

258 551 332 612 990.
378 543 496 610 δεῖταί
515 565 546 611 εε
567 545 729 624 φεύγειν
748 545 828 611 κατὰ
846 543 965 626 νόμους
984 545 1060 611 τοὺ(
1078 545 1220 631 οἴκοθεν,

384 632 428 698 ὼε
448 633 506 699 οὐκ
524 633 631 714 έχουει
649 638 744 714 κῦροε
764 634 860 715 οὐδὲν
879 633 961 716 ἀμφὶ
979 639 1044 701 coss.

259 726 453 787 Oberdickius
475 746 552 802 „aus
571 729 625 788 der
644 726 917 805 Gerichtssprache,
936 729 998 790 sich
1018 729 1237 805 vertheidigen,
1256 731 1342 789 litem

166 816 313 895 effugere,
341 815 510 879 erweieen.“
552 815 651 876 Unum
676 818 746 878 cedo
771 819 952 894 exemplum,
980 818 1033 878 nbi
1060 813 1194 893 φεύγειν
1219 819 1251 878 in
1275 819 1340 879 iure

105 905 107 911 '
166 902 268 964 Attico
295 905 378 964 alind
405 905 553 982 significet
580 924 671 983 quam
698 925 797 966 reum
824 925 916 982 esse,
950 909 1123 968 accusari.
1169 905 1341 984 Numquam

168 992 319 1069 significat
344 1013 379 1054 se
403 995 744 1070 defendere‚·nedum
766 996 929 1072 probare.
977 996 1123 1073 Equidem
1147 1015 1252 1057 verum
1275 1015 1340 1058 esse

165 1085 251 1158 puto,
270 1085 386 1144 mutata
404 1084 656 1160 interpunctione:

380 1167 498 1234 δεῖταί
517 1189 549 1234 εε
569 1169 739 1249 φαίνειν,
758 1168 839 1234 κατὰ
858 1168 976 1249 νόμους
996 1171 1071 1234 robe
1090 1166 1220 1235 οἴκοθεν

381 1256 425 1322 ὼε
445 1257 503 1322 οὐκ
521 1257 628 1337 ἔχουει
647 1262 743 1337 sicot
761 1257 857 1324 οὐδὲν
876 1258 959 1338 ἀμφὶ
973 1263 1038 1323 cot.

255 1350 353 1409 Danai
366 1350 486 1411 filiabus
500 1353 688 1428 probandum
702 1354 748 1411 est
765 1351 798 1410 in
811 1351 951 1429 Aegypto
970 1352 1026 1412 hac
1043 1352 1075 1414 in
1092 1371 1126 1412 re
1144 1351 1219 1412 alias
1237 1352 1341 1428 vigere

166 1440 250 1516 leges
270 1459 361 1516 quam
379 1441 411 1499 in
430 1439 562 1506 Graecia.
595 1440 640 1500 Of.
655 1441 713 1500 Ex.
727 1441 806 1502 crit.
819 1462 848 1518 p.
864 1444 937 1502 109.

260 1530 334 1592 407.
380 1528 430 1590 δεῖ
447 1545 497 1590 τοι
517 1524 643 1605 βαθεῖα(
662 1525 836 1606 φροντίδα(
855 1523 1023 1604 εωτηρίου,

381 1612 471 1693 δίκην
489 1617 727 1696 κολομβητῆροε
745 1615 779 1680 tc
800 1614 898 1695 βυθὸν
916 1617 1028 1694 μολεῖν

379 1704 532 1782 δεδορκὸς
551 1702 636 1784 ὄμμα
654 1703 730 1784 μηδ’
750 1703 860 1788 [ἄγαν]
882 1705 1065 1788 ᾠνωμένον.

257 1795 397 1856 Absurde
412 1797 533 1857 additur
546 1791 638 1872 ἄγαν,
657 1797 744 1875 quasi
761 1799 851 1874 poeta
869 1798 966 1858 dicere
984 1796 1129 1858 voluisset
1142 1797 1218 1856 nihil
1235 1816 1342 1858 nocere

168 1886 308 1962 exiguam
322 1887 477 1946 oculorum
491 1887 709 1964 caligationem.
736 1886 847 1946 Deberi
860 1887 998 1958 voculam
1007 1885 1137 1946 librariis
1152 1885 1339 1946 deficientem

166 1974 274 2051 pedem
294 1974 482 2050 explentibus
505 1979 586 2036 recte
611 1976 752 2036 statuisse
779 1975 854 2035 mihi
876 1975 979 2036 videor
1006 1975 1038 2034 in
1062 1973 1094 2034 0.
1112 1974 1162 2048 A„
1195 1976 1247 2035 sed
1272 1975 1341 2036 sim·

167 2063 274 2139 plicius
296 2067 328 2124 ct
345 2063 452 2124 melius
472 2084 562 2142 quam
579 2065 622 2126 ibi
640 2065 697 2126 feci
715 2065 813 2126 locum
831 2064 920 2125 hodie
939 2065 981 2124 sic
999 2063 1243 2141 redintegrarim:

380 2149 533 2228 δεδορκὸς
552 2140 628 2229 ὄμμ’
647 2148 793 2235 (ἔχοντα)
813 2147 887 2228 μηδ’
906 2149 1089 2234 ᾠνωμένον.

257 2243 332 2302 456.
354 2237 576 2317 discuteret
596 2239 703 2317 λέγοι(
721 2237 774 2304 ἄν·
794 2238 833 2302 οὐ
852 2259 890 2317 με
909 2239 1068 2317 φεύξεται.

255 2330 542 2392 Artificiosissimam
552 2332 653 2392 Weilii
667 2331 907 2408 explicationem:
927 2334 962 2391 et
979 2332 1068 2391 haec
1086 2331 1210 2392 andivi
1224 2351 1341 2408 neque

167 2420 312 2497 reliqua
330 2439 382 2480 me
401 2421 546 2498 fugient
563 2421 731 2497 repudians,
750 2423 838 2483 teneo
857 2421 936 2498 quod
954 2420 1065 2480 ibidem
1081 2420 1206 2480 conieci:

509 2504 731 2587 ἀκούεομαι·
750 2507 857 2584 λέγοι(
876 2505 916 2570 ἂν
935 2505 997 2571 κτὲ.

236 2601 329 2660 ι434.
703 2593 780 2679 μηδ’
797 2593 982 2679 ἀπορριφθῇ
1001 2593 1099 2671 λόγοι
1186 2651 1192 2664 .

349 2683 454 2763 ἐμοῦ·
473 2682 544 2749 κατ’
563 2683 663 2765 ἀρχῆε
682 2685 744 2764 γὰρ
762 2683 921 2764 φιλαίτιοε
941 2684 1032 2749 λεώε.

261 2776 368 2837 Graeci
385 2779 528 2838 sermonis
547 2796 620 2838 usus
639 2782 670 2837 et
687 2778 765 2838 ratic
784 2778 918 2854 postulat
935 2771 1033 2851 έμόε.
1107 2847 1111 2855 ¹

256 2868 330 2927 489.
353 2865 421 2927 rote
439 2863 562 2941 ἥεεοειν
580 2863 642 2942 γὰρ
662 2866 724 2928 πᾶε
742 2883 788 2927 τιε
808 2861 962 2928 εὐνοία(
981 2862 1082 2941 φέρει.

257 2954 483 3016 substantivum
507 2951 617 3018 εὔνοια
635 2974 695 3017 non
713 2957 806 3017 habet
822 2957 971 3033 pluralem
988 2974 1161 3030 numerum,
1185 2973 1240 3014 nec
1258 2955 1341 3015 locus

166 3047 213 3106 est
239 3045 389 3121 genetivo.
435 3045 484 3105 Me
511 3045 607 3124 igitur
634 3047 659 3106 si
687 3046 804 3121 audias,
835 3040 975 3120 εὐνοίαε,
1006 3063 1122 3104 merum
1152 3046 1198 3104 est
1226 3044 1341 3105 scribae
1415 3081 1417 3084 -

167 3127 297 3209 εφάλμα
311 3153 365 3210 pro
380 3129 519 3213 εὔνοιαν,
537 3138 642 3195 natum
657 3155 673 3196 e
688 3135 837 3211 scriptura
855 3129 966 3195 εὔνοια
984 3130 1085 3208 φέρει,
1104 3133 1242 3207 confusis,
1262 3134 1342 3210 quod

167 3241 256 3299 saepe
274 3224 399 3298 factum,
417 3224 514 3284 literis
532 3242 558 3300 φ
577 3227 608 3284 et
626 3240 677 3299 εφ.
712 3223 755 3284 cf.
772 3223 901 3299 Ohoeph.
918 3226 994 3283 243:

130 3383 139 3394 ι
379 3309 488 3373 πιετὸε
506 3307 539 3373 δ’
558 3308 701 3388 ἀδελφὸε
720 3306 792 3389 ἦεθ’
809 3309 880 3387 ἐμοὶ
898 3309 1010 3387 εέβαε
1029 3307 1168 3386 φέρων.

257 3402 331 3460 512.
376 3402 448 3462 Rex.
480 3397 627 3478 εὔφημον
646 3397 695 3477 εἴη
714 3398 835 3463 τοῦποε
854 3397 1088 3483 εὐφημουμένῃ.

376 3489 463 3553 (thor.
495 3487 585 3553 edroi
603 3509 632 3552 τι
651 3491 756 3566 θαῦμα
776 3491 986 3565 δυεφορεῖν
1005 3485 1100 3569 φόβῳ
1119 3483 1249 3564 φρενόε.

256 3579 343 3655 Regii
367 3580 438 3640 dicti
463 3581 541 3642 ratio
566 3601 674 3658 magno
700 3600 789 3657 opere
813 3581 999 3642 commendat
1022 3599 1111 3657 quam
1134 3577 1206 3638 olim
1228 3579 1341 3654 protuli

167 3667 369 3728 coniecturam
386 3671 545 3746 probatam
563 3670 781 3731 Heimsoethio:

380 3753 470 3819 οὔτοι
488 3777 517 3820 τι
536 3760 642 3835 θαῦμα
661 3760 865 3834 δυεθροεῑν
883 3753 979 3838 φόβῳ
998 3753 1127 3834 φρενόε.

256 3846 412 3908 Adiectivo
442 3843 596 3924 δύεθροοε
624 3849 792 3928 Aeschylus
821 3868 893 3910 usus
923 3851 969 3908 est
995 3849 1027 3908 in
1054 3847 1154 3908 Persis
1181 3866 1240 3907 uss.
1266 3847 1340 3921 635,

169 3937 363 4010 941,1076.

259 4027 331 4084 716.
355 4025 478 4086 Danaus
497 4027 534 4087 de
553 4028 785 4089 adventantibus
803 4027 873 4088 filiis
892 4026 1038 4104 Aegypti:

380 4112 431 4174 καὶ
449 4116 564 4196 πρῷρα
582 4113 720 4192 πρόεθεν
739 4111 851 4192 ὄμμαει
872 4109 1026 4193 βλέπουε’
1044 4109 1137 4192 ὁδὸν,

380 4198 490 4266 οἴακοε
509 4201 676 4281 ἰθυντῆροε
695 4201 831 4267 ὑετάτου
851 4203 933 4267 νεώε

380 4288 463 4367 ἄγαν
482 4293 587 4355 καλῶς
606 4291 744 4356 κλύονεα
763 4291 836 4354 τὼε
855 4290 899 4355 ἂν
918 4289 958 4355 οὐ
977 4288 1063 4368 φίλη.

256 4383 305 4442 Ita
322 4383 424 4460 hodie,
444 4386 607 4465 praeeunte
625 4383 809 4460 Hermanno,
829 4383 878 4446 edi
895 4384 972 4446 solet
988 4401 1043 4462 pro
1061 4383 1195 4446 codicum
1214 4383 1339 4446 lectione
1361 4441 1367 4446 .
