3084 4958
225 198 289 260 144
432 149 440 162 .
563 249 567 256 .
656 199 690 254 Η.
709 216 764 256 vau
782 200 965 256 Herwerden:

313 370 363 428 61.
436 362 519 443 ῥοπὴ
540 361 572 426 δ’
591 365 755 428 ἑπιαιοπεῑ
773 362 874 427 Δίκα(

436 457 549 532 ταχεῖα
567 455 643 517 τοὺ(
662 455 720 531 μὲν
738 453 775 517 ἐν
794 451 879 533 φάει,

435 543 474 608 τὰ
493 540 527 605 δ’
545 543 581 607 ἐν
601 541 772 626 μεταιχμίῳ
792 541 905 608 (κότου

434 632 521 711 μένει
541 631 747 710 χρονίζοντα(
767 629 843 711 ἄχη,

435 721 511 784 τοὺ(
530 719 563 783 δ’
582 718 718 799 ἄκρατο(
737 719 816 799 ἔχει
835 720 900 786 νύξ.

312 814 476 890 Diligentia
498 833 568 873 vere
592 813 768 874 Germanice
786 813 989 874 Weckleinius
1013 815 1043 872 in
1066 815 1154 874 docto
1172 818 1204 875 et
1221 816 1290 874 utili
1308 816 1395 893 libro,

224 924 314 981 quem
353 903 506 979 inscripsit
544 895 696 962 Studien
729 924 768 962 zu
802 900 1019 980 Aeschylus,
1045 924 1073 979 p.
1102 906 1166 965 150
1184 924 1247 980 sqq.
1276 905 1398 980 collegit

222 993 392 1070 partimque
416 993 598 1052 examinavit
623 993 767 1069 plurimes
787 993 970 1053 eruditorum
989 993 1026 1052 dc
1044 993 1133 1053 huius
1152 994 1209 1052 loci
1222 995 1399 1069 interpreta-

223 1084 304 1142 tione
323 1081 497 1159 sententias,
516 1082 624 1158 quibus
644 1081 762 1141 reiectis
780 1083 844 1155 ipse
863 1100 949 1141 suam
967 1082 1014 1142 his
1033 1082 1132 1142 verbis
1146 1083 1314 1158 proposuit:
1334 1084 1397 1145 das

224 1172 452 1231 Richteramt
470 1172 531 1230 der
550 1171 761 1230 strafenden
776 1170 1056 1246 Gerechtigkeit
1070 1172 1241 1232 erschaut
1255 1173 1397 1233 schnell

222 1262 280 1320 die
298 1260 515 1320 offenbaren
533 1260 774 1336 Verbrecher;
793 1260 1000 1336 diejenigen
1019 1261 1119 1338 eber,
1138 1261 1246 1320 deren
1260 1261 1398 1322 Schuld

222 1351 299 1410 sich
325 1349 414 1407 noch
439 1349 475 1407 in
502 1349 690 1409 Zwielicht
716 1350 827 1426 birgt,
854 1353 1025 1409 erwertet
1050 1353 1127 1409 eret
1152 1351 1216 1409 mit
1238 1351 1299 1409 der
1319 1352 1398 1411 Zeit

222 1439 278 1497 die
305 1437 440 1508 Straf03
475 1439 606 1498 endere
633 1440 717 1498 aber
747 1438 854 1497 deckt
881 1439 1002 1497 nichts
1029 1458 1074 1496 zu
1093 1439 1191 1498 Eride
1219 1439 1398 1500 filhrende

221 1528 340 1587 Nacht
365 1519 407 1606 (d.
428 1527 457 1587 h.
481 1527 568 1586 keine
593 1527 777 1604 Bestrefung
802 1527 993 1588 bewirkende
1018 1529 1090 1587 oder
1116 1529 1187 1604 jede
1212 1528 1398 1606 Bestrefung

222 1615 476 1700 ausschliessende
501 1608 627 1696 Nacht).
669 1617 754 1676 Hanc
777 1615 1055 1691 interpretationem
1079 1621 1185 1693 poetee
1214 1618 1313 1678 verbis
1337 1639 1398 1680 non

221 1706 400 1782 respondere
427 1704 619 1764 manifestum
644 1708 703 1783 est,
719 1706 769 1765 ita
792 1705 871 1764 enim
894 1705 1062 1766 necessario
1086 1709 1176 1782 poeta
1201 1699 1249 1785 (ut
1266 1711 1398 1767 metrum

224 1814 303 1854 nuno
327 1790 493 1870 negligam)
516 1794 629 1870 aliquid
653 1795 786 1854 dedisset
807 1796 896 1870 quale
919 1796 974 1854 hoc
998 1799 1057 1854 est:
1085 1792 1161 1855 τοὺ(
1188 1792 1245 1870 μὲν
1264 1792 1301 1857 ἐν
1320 1791 1398 1871 φάει

221 1877 447 1959 άμαρτόντα(,
466 1878 506 1941 τὰ
520 1880 555 1942 δὲ
571 1881 660 1943 τοὺ(
678 1880 714 1943 ἐν
728 1878 900 1962 μεταιχμίῳ
917 1878 1030 1943 (κότου
1044 1879 1105 1944 κτὲ.
1140 1884 1309 1961 Aeschylus
1325 1905 1397 1945 vero

222 1975 326 2050 aperte
345 1972 425 2045 dicit,
445 1972 507 2030 ubi
527 1963 563 2052 (e.
579 1965 711 2053 quando)
726 1973 842 2032 iustitie
856 1973 957 2033 divina
970 1974 1104 2034 homines
1120 1966 1306 2054 (maleficos),
1322 1975 1397 2036 elios

223 2063 327 2136 serius,
346 2061 420 2121 elios
440 2061 521 2121 ocius
540 2062 689 2137 respiciat.
723 2061 807 2132 Quod
826 2064 925 2121 autem
945 2062 1052 2122 deinde
1070 2063 1113 2122 ait
1131 2063 1226 2122 alios
1244 2083 1397 2138 prorsus

221 2153 384 2228 effugere
400 2151 598 2211 vindictam
613 2151 786 2226 divinam,
801 2150 831 2210 id
841 2150 1027 2227 Aeschyleee
1041 2153 1211 2228 theologiae
1225 2153 1269 2212 ita
1282 2157 1398 2213 contra-

220 2242 299 2300 rium
322 2243 377 2315 est,
401 2243 435 2299 ut
457 2243 547 2316 poeta
570 2242 625 2301 hoo
649 2241 768 2301 omnino
792 2240 889 2300 dicere
913 2260 971 2301 non
989 2234 1160 2321 potuerit.¹)
1201 2241 1265 2301 Nec
1288 2244 1396 2319 opponi

222 2331 364 2406 strophae
383 2330 475 2389 verba
492 2329 708 2406 antistrophica
725 2320 815 2409 (quae
836 2333 882 2389 est
898 2330 956 2390 viri
972 2330 1053 2389 docti
1070 2321 1243 2410 sententia),
1262 2333 1311 2392 vel
1327 2333 1396 2390 inde

220 2423 317 2496 patet,
342 2419 420 2495 quod
450 2419 604 2479 vocabulis
633 2412 676 2477 δι’
709 2411 819 2492 αἵματ’
845 2412 1015 2479 ἐκποθένθ’
1036 2414 1099 2479 ὑπὸ
1128 2416 1245 2494 χθονὸ(
1270 2421 1397 2496 τροφοῦ

222 2509 306 2568 nulla
324 2509 404 2566 inest
421 2509 569 2582 particula
587 2509 786 2568 adversativa.

312 2596 399 2655 Unde
417 2616 489 2657 vero
508 2615 618 2673 quaeso
634 2599 736 2672 etque
751 2598 816 2656 iure
831 2598 907 2656 hanc
921 2597 1023 2657 elicuit
1037 2597 1268 2674 oppositionem:
1287 2599 1397 2672 „Ver-

221 2687 378 2746 brechen
397 2686 515 2746 werden
533 2685 623 2745 theiis
643 2688 745 2761 sofort,
764 2687 855 2746 theils
874 2690 950 2763 sptt,
970 2687 1060 2746 theils
1079 2705 1135 2763 gar
1151 2687 1235 2746 nicht
1253 2688 1396 2764 bestraft3

222 2777 275 2835 der
289 2776 389 2835 Mord
404 2776 476 2835 eber
491 2777 565 2836 wind
579 2776 685 2836 immer
699 2771 872 2836 besti-afr?
914 2775 1031 2836 Chorus
1046 2776 1204 2836 manifesto
1218 2776 1251 2834 in
1264 2778 1396 2854 strophe,

221 2866 272 2925 uhi
291 2866 328 2925 de
346 2863 548 2924 maleficorum
565 2866 668 2940 poenis
687 2864 760 2940 egit,
779 2865 839 2923 iam
863 2865 977 2941 cogitet
996 2864 1276 2942 Clytaemnestram,
1295 2865 1397 2942 itaque

223 2955 254 3013 in
273 2955 460 3029 antistrophe
483 2954 573 3012 huius
593 2955 689 3013 scelus
709 2953 819 3012 diserte
839 2958 1058 3014 commemorat

311 3042 378 3102 Nisi
397 3043 518 3120 egregie
537 3043 634 3118 fallor,
654 3043 713 3102 duo
732 3044 852 3102 tentum
864 3043 961 3103 critici
973 3046 1192 3120 perspexerunt
1205 3062 1295 3120 quem
1308 3044 1398 3104 inter-

222 3133 425 3209 pretationem
444 3151 511 3191 cum
530 3135 636 3208 poetae
654 3132 748 3192 verba
765 3135 830 3191 tum
850 3133 1067 3193 sententiarum
1086 3151 1179 3191 nexus
1202 3133 1397 3210 requirerent,

224 3222 346 3281 Peleius
362 3224 393 3280 et
402 3221 667 3298 Naegelsbachius,
682 3242 808 3297 quorum
822 3222 874 3281 ille
889 3222 961 3282 dicit
974 3223 1078 3300 „three
1088 3221 1207 3296 periods
1222 3240 1273 3281 are
1284 3222 1398 3297 spoken

223 3313 257 3372 of
262 3335 269 3388 3
287 3311 339 3370 the
357 3313 482 3386 present
499 3311 579 3382 time,
600 3330 634 3369 or
651 3311 747 3385 prime
766 3311 800 3370 of
814 3310 867 3369 life
886 3343 929 3351 ——
947 3312 999 3370 the
1018 3310 1151 3387 tuilight
1170 3330 1203 3370 or
1222 3312 1349 3387 evening
1367 3311 1402 3369 of

224 3401 290 3474 life;
309 3400 368 3458 and
387 3400 439 3458 the
457 3399 545 3476 night
563 3418 597 3458 or
615 3399 714 3474 death,
730 3400 825 3460 which
844 3418 942 3459 comes
958 3394 1113 3474 deprome
1132 3391 1190 3480 (ita
1203 3392 1281 3480 cod.)
1295 3401 1399 3460 before

222 3489 417 3566 punishment
430 3489 484 3548 hes
500 3487 662 3549 overtaken
675 3489 716 3548 its
730 3488 878 3550 victimet
909 3489 1112 3565 Negelebech:
1136 3489 1296 3562 „discernit
1308 3490 1399 3564 poeta

222 3579 282 3638 tria
296 3596 459 3653 poenarum
469 3581 604 3654 tempora
619 3573 702 3652 ῥοπὴ
718 3573 804 3651 δίκη(
818 3575 894 3638 τοὺ(
909 3575 966 3651 μὲν
981 3573 1017 3637 ἐν
1031 3571 1108 3651 φάει
1123 3570 1169 3657 (in
1181 3571 1258 3659 vita)
1273 3575 1397 3637 ἐπι(κο-
1496 3573 1498 3578 ’
1522 3605 1523 3616 ι

225 3667 279 3728 πεῖ
298 3661 377 3726 ὅταν
397 3664 415 3746 ᾑ
435 3667 557 3745 ταχεῖα,
575 3663 651 3726 τοὺ(
670 3660 704 3726 δ’
721 3662 757 3726 ἐν
777 3662 949 3744 μεταιχμίῳ
968 3661 1081 3725 (κότου
1102 3658 1147 3746 (ίιι
1160 3667 1352 3726 tenebrarum
1367 3671 1399 3726 ct

221 3757 296 3816 lucis
311 3747 474 3836 confiniis),
488 3753 564 3815 τοὺ(
575 3749 607 3814 δ’
617 3752 782 3816 ἐπιτκοπεῑ
790 3751 841 3815 καὶ
852 3750 1084 3819 ἀποθανόντα(
1116 3755 1182 3832 Ego
1196 3756 1260 3832 ipse
1275 3755 1397 3831 dudum,

225 3849 386 3921 antequam
401 3846 455 3914 has
475 3845 737 3921 interpretationes
757 3845 890 3921 cognovi,
910 3846 983 3903 haec
1001 3846 1033 3904 in
1052 3845 1229 3921 exemplaris
1248 3845 1307 3904 mei
1321 3864 1399 3903 mar-

222 3935 293 4012 gine
307 3934 530 4010 adscripserim:
555 3932 682 4009 „Omnes
696 3935 848 3993 maleficos
868 3935 963 3993 serius
984 3935 1065 3993 ocius
1079 3953 1176 4009 poena
1194 3937 1302 4008 manet,
1322 3935 1397 3994 alios
1521 3981 1522 3998 ι

224 4023 303 4082 enim
322 4023 452 4083 numinis
471 4023 588 4083 iustitie
606 4023 642 4081 iu
659 4024 739 4082 luce
759 4015 887 4094 (hein
906 4022 1004 4082 media
1021 4015 1098 4103 vita)
1118 4023 1246 4100 respicit,
1266 4024 1342 4083 elios
1361 4024 1398 4082 in

221 4113 315 4171 lucis
340 4115 374 4171 et
398 4112 570 4190 caliginis
589 4111 791 4173 intervallo
812 4104 857 4193 (h.
871 4132 896 4173 e.
914 4113 947 4171 in
966 4114 1099 4172 extreme
1118 4104 1295 4194 senectute),
1314 4113 1400 4187 alios,

295 4321 320 4388 1)
342 4319 381 4374 Cf.
397 4319 496 4388 fragm.
512 4324 564 4374 ast
587 4318 692 4389 (Dind.)
711 4291 746 4374 'et
763 4317 901 4388 imprimis
926 4335 1035 4375 versum
1065 4319 1131 4373 οὐδ’
1154 4319 1317 4384 ἑγκαλύπτει
1340 4321 1397 4374 νὺξ
1520 4341 1521 4364 ι

222 4396 314 4445 κακῶ(
333 4390 502 4458 εἰργαῳένα.
