3084 4958
219 185 283 254 134
647 187 682 244 Η.
700 203 756 243 vnn
773 187 958 244 Hermerden:
999 239 1001 244 .

211 353 288 414 festo
311 345 365 435 (μὴ
387 348 588 428 διχορρόπωε
603 348 707 437 ἰδεῖν).
737 354 926 439 Quapropter
940 353 1146 430 'corrigendum
1161 373 1226 418 esse
1242 356 1386 431 suspicor:
1465 426 1467 432 Ι

426 441 559 503 πολλῶν
577 439 637 518 γὰρ
657 440 779 505 ἐεθλῶν
798 441 856 518 τήν
875 437 982 519 ὄνηειν
1003 438 1171 517 εὔχομαι.

302 530 387 600 Quod
411 532 535 592 coniecit
553 531 710 609 Msehlyus
735 527 825 608 εἶχον
848 527 887 592 ἂν
911 534 942 592 ον
963 533 1115 592 'soloeeum
1138 536 1184 593 est
1207 553 1261 609 pro
1280 527 1384 607 ἔχοιμ’

214 613 267 694 ἄν,
286 639 382 696 neque
401 624 514 698 aptum.
629 673 631 676 .

302 711 375 768 541.
399 705 476 788 ὦρτ’
495 705 721 784 ἐνδακρύειν
740 705 774 783 γ’
792 705 925 785 ὄμμαειν
945 708 1044 784 χαρᾶε
1063 704 1135 769 ὕπο.

301 797 400 859 Oollst
386 802 417 860 νο
432 819 475 862 vs.
486 799 647 876 Euripideo
659 799 757 862 Orest.
769 802 852 858 1122
864 793 1193 876 (ὥετ’ἐκδακρθεαι
1207 793 1241 872 γ’
1251 795 1385 860 ἔνδοθεν

211 881 435 968 κεχαρμένην),
467 888 520 948 ubi
548 889 651 948 eedem
680 890 762 949 est
753 909 785 948 ru
811 889 896 948 libris
925 889 1068 962 varietus,
1096 889 1126 948 h.
1148 890 1167 946 l
1190 890 1385 964 praetulerim

212 975 424 1037 Triclinienem
443 978 603 1037 lectionem
622 963 856 1052 ἐνδακρύειν.
1375 1051 1377 1054 ,

304 1067 377 1126 551.
424 1061 460 1126 εὖ
479 1063 582 1141 γὰρπ
558 1064 744 1142 πέπρακται.
777 1061 947 1126 ταῦταδ’
965 1062 1000 1126 ἑν
1020 1037 1261 1146 πολλῷχρόνῳ
1333 1085 1334 1088 ’

424 1151 464 1214 τὰ
483 1153 540 1230 μέν
559 1172 605 1215 τιε
624 1151 663 1216 ἂν
683 1153 811 1218 λέξειεν
805 1151 964 1215 εὐπετῶε
982 1150 1083 1229 ἔχειν,

423 1238 513 1303 τὰδ’
533 1240 609 1305 αὖτε
629 1239 825 1320 κάπίμομφα.
863 1240 909 1306 τί(
930 1241 965 1302 δὲ
985 1242 1175 1318 πλὴνθεῶν.
1226 1245 1240 1256 ‘

427 1327 546 1394 ἅπαντ’
566 1327 708 1408 ἀπήμων
720 1329 778 1394 τὸν
797 1327 842 1392 δι”
860 1329 977 1393 αἰῶνα(
998 1328 1131 1406 χρόνον;

301 1420 442 1481 Karsteui
468 1421 668 1484 coniecturam
692 1442 747 1498 pro
773 1424 936 1499 depravato
962 1421 1062 1482 ταῦτα
1088 1423 1258 1498 reponentis
1285 1417 1385 1482 ταύτὰ

211 1527 320 1570 usuum
338 1529 402 1571 esse
423 1511 524 1588 urguit
542 1512 668 1588 sequens
687 1507 729 1571 τὰ
746 1508 803 1587 μὲν
822 1544 866 1554 -
884 1507 926 1572 τὰ
943 1508 988 1570 δὲ.
1019 1511 1056 1572 In
1070 1509 1107 1570 ,0.
1121 1513 1158 1572 A.
1171 1514 1252 1583 recte
1271 1513 1385 1571 correxi

212 1593 348 1674 πάντα,
368 1600 448 1676 φασιν
463 1619 554 1676 supra
566 1620 683 1678 quoque
699 1602 736 1661 ed
750 1600 954 1662 Promotum.
966 1601 1028 1659 275
1050 1600 1201 1660 simillime
1219 1601 1250 1659 in
1268 1595 1386 1660 ταύτὰ

212 1688 322 1748 abiisse
346 1689 483 1750 vidimus.
520 1689 605 1750 Hunc
628 1709 725 1750 meum
744 1691 944 1750 coniecturum
962 1689 1133 1749 Dindorfius
1152 1708 1386 1750 commemorans

213 1777 244 1836 in
262 1777 364 1838 Lexioi
382 1778 543 1855 Aeschylei
567 1779 710 1839 addendis
733 1799 761 1855 p.
776 1778 879 1840 43οΑ
902 1779 967 1854 ipse
991 1779 1107 1837 mavult
1126 1773 1245 1852 πολλά,
1269 1778 1386 1856 ingenti

212 1867 377 1926 mutatione
388 1871 419 1927 et
432 1887 479 1927 me
494 1868 589 1927 iudice
603 1869 724 1928 minime
738 1869 913 1930 necessarie.
939 1859 1051 1938 Quidni
1062 1868 1142 1926 enim
1154 1885 1267 1943 praeco.
1276 1886 1386 1927 ouusee

213 1974 285 2014 suae
307 1955 485 2030 inserviens,
508 1976 572 2018 rem
594 1958 752 2033 paululum
774 1955 1033 2034 exaggeret?t
993 1956 1033 2016 Et
1056 1975 1110 2074 pro
1129 1951 1235 2016 πάντα
1253 1956 1386 2016 militent

213 2044 369 2120 sequentia
387 2040 435 2106 τίε
449 2042 551 2105 δὲ-
571 2041 705 2120 χρόνον;
1112 2096 1117 2109 .

303 2136 377 2194 556.
423 2129 563 2210 επαρνὰε
581 2133 762 2211 παρήξειε
781 2131 832 2195 καὶ
850 2128 1097 2209 κακοετριίιτουε.

298 2222 365 2283 ‘Sub
375 2224 520 2292 uocabulo
530 2243 590 2284 nou
599 2223 713 2301 Graeco
726 2243 742 2283 e
743 2224 927 2290 tmenileste
941 2224 1103 2300 depravato
1120 2222 1183 2283 siue
1199 2223 1289 2283 dubio
1303 2223 1386 2282 eliud

213 2312 298 2388 latet,
316 2332 374 2389 quo
390 2332 532 2372 somnus
548 2313 740 2392 significetur.
773 2313 869 2383 Quem
883 2333 947 2373 rem
963 2313 1015 2388 qui
1032 2313 1146 2387 primus
1165 2311 1385 2389 animadvertit,

214 2400 344 2461 Keekius
363 2402 522 2462 infeliciter
539 2405 675 2479 reposuit
692 2403 868 2465 vocabulum
888 2402 1164 2466 invenuetissimum
1183 2401 1327 2460 scribens:

602 2485 754 2566 ,επαρνὰε
773 2507 811 2550 τε
832 2485 988 2564 ῥέγξειε.

301 2579 449 2656 Equidem
457 2571 655 2656 'cortolonge
673 2580 789 2640 malim:

593 2663 734 2744 επαρνάε
752 2684 792 2729 τε
813 2661 949 2743 βρίξειε
968 2661 1031 2727 κτὲ.

305 2756 406 2818 Verbo
425 2757 584 2818 Homerico
605 2753 719 2834 βρίζειν
737 2757 905 2834 Aeschylus
924 2776 1017 2833 supra
1034 2775 1107 2816 usus
1127 2757 1174 2823 est
1191 2773 1235 2816 vs.
1251 2755 1324 2817 275.

304 2848 377 2908 570.
423 2843 452 2906 τὶ
470 2844 546 2907 τοὺε
564 2841 790 2908 ἀναλωθένταε
808 2843 844 2906 ἐν
864 2843 965 2923 ψήφῳ
986 2842 1105 2918 λέγειν;

425 2932 483 2995 τὸν
501 2935 606 2997 ζῶντα
625 2930 658 2995 δ’
677 2930 811 3008 ἀλγεῖν
829 2932 888 3009 χρὴ
908 2931 1006 3008 τύχηε,
1023 2927 1228 3006 παλιγκότου.

302 3024 338 3082 Ιιι
361 3024 407 3083 his
431 3026 531 3086 verbis
554 3034 608 3086 nec
630 3025 827 3101 grammatice
850 3026 967 3083 constet
988 3041 1042 3082 nec
1066 3022 1222 3082 sententia.
1257 3021 1385 3098 Utrique

214 3111 340 3172 satisfiet
358 3114 413 3173 hee
431 3115 584 3174 lenissime
601 3115 780 3175 mutatione:
1323 3123 1324 3126 ’

371 3253 376 3262 .
425 3197 455 3262 τί
472 3200 548 3263 τοὺε
568 3197 793 3264 ἀναλωθένταε
812 3198 848 3262 ἑν
867 3199 970 3281 ψήφῳ
989 3197 1095 3273 λέγειν

425 3288 483 3353 τὸν
501 3290 608 3353 ζῶντα
628 3277 783 3364 κάλγεΐν
803 3288 862 3365 χρὴ
881 3286 979 3365 τύχη(
998 3282 1206 3362 παλιγκότου;

212 3378 231 3438 i.
251 3399 275 3438 e.
298 3374 327 3438 τί
355 3378 415 3455 χρὴ
443 3377 502 3440 τὸν
529 3377 674 3443 ζῶντα’
662 3397 698 3441 εν
725 3377 827 3459 ψήφῳ
855 3377 962 3452 λέγειν
988 3376 1064 3446 τοὺ(
1087 3367 1311 3437 ἀναλωθένταε
1336 3372 1385 3435 και

213 3462 325 3540 ἀλγειν
348 3465 444 3544 τίιχηε
464 3464 672 3542 παλιγκότου;
698 3437 819 3550 (horum
839 3470 900 3529 scil.
902 3488 986 3545 ,quo
1005 3467 1064 3544 ipsi
1081 3485 1201 3542 quoque
1219 3467 1386 3542 tanguntur

212 3560 380 3617 moerentes
394 3559 515 3619 tristem
529 3559 676 3620 sociorum
695 3551 830 3638 sortem).
863 3515 978 3617 Deinde
997 3557 1048 3634 qui
1067 3555 1202 3630 sequitur
1221 3554 1386 3623 versiculus

425 3643 477 3706 καί
496 3643 603 3708 πολλὰ
622 3642 743 3722 χαίρειν
763 3642 927 3722 ευμφορὰε
945 3643 1082 3706 καταξιω

212 3735 317 3795 abesse
337 3735 399 3796 fere
417 3737 546 3798 mallem.

302 3826 376 3885 584.
400 3818 449 3884 ἀει
467 3821 528 3901 γὰρ
547 3821 609 3904 ἡβᾷ
627 3825 708 3886 τοῖε
726 3822 872 3899 γέρουειν
891 3819 932 3884 εὖ
952 3822 1126 3897 μαθεῖν..

247 3913 430 3975 Omnino
456 3914 611 3989 probanda
637 3914 757 3973 ridetur
778 3913 891 3990 Engeri
914 3913 1082 3974 coniectura
1105 3909 1195 3970 νοῦε
1216 3929 1270 3984 pro
1293 3906 1385 3978 τοῑε.

214 4001 271 4062 Sed
288 4003 412 4080 insuper
429 4002 516 4065 uelde
535 4002 609 4062 mihi
627 4002 765 4078 displicet
784 3998 832 4076 εὖ,
856 4021 914 4078 quo
933 4002 1043 4074 deleto,
1063 4000 1201 4077 legerim:

426 4085 475 4152 ἀεὶ
494 4087 555 4166 γὰρ
573 4087 635 4170 ἡβᾷ
654 4089 745 4151 voce
763 4088 889 4164 γέρουει
908 4085 1125 4165 μανθάνειν.

301 4181 466 4258 Postquam
489 4175 661 4257 μανθάνειν
684 4179 715 4240 in
739 4179 851 4254 μαθεῖν
875 4180 991 4240 abierat
1014 4170 1270 4257 (perpetueenim
1289 4174 1386 4234 estin

212 4269 297 4328 libris
317 4271 450 4332 confusio
463 4271 678 4334 infinitivorum
691 4270 858 4346 praesentis
873 4271 903 4329 et
918 4268 1022 4329 eoristi
1035 4261 1090 4349 H),
1109 4268 1258 4326 corrector
1275 4263 1385 4340 aliquis

212 4377 302 4418 ruens
321 4361 450 4419 metrum
468 4361 589 4420 fulsisse
607 4359 726 4421 videtur
744 4360 857 4418 inserta
875 4359 980 4419 vocula
997 4358 1043 4414 hio
1062 4374 1168 4430 purum
1187 4356 1268 4430 epte.
1348 4407 1350 4412 .
1381 4395 1382 4400 ν
