3084 4958
221 151 285 216 124
652 151 687 207 Η.
707 167 762 208 van
779 150 961 207 Herwerden:

311 322 383 380 196.
432 313 479 380 κεί
498 318 538 395 μή
558 334 604 380 τι(
623 312 722 395 ἀρχῆς
740 319 796 394 τῆς
815 314 891 393 ἐμῆε
910 312 1076 381 ἀκοάεεται
1095 352 1139 363 -

432 410 544 484 ψῆφος
562 401 635 468 κατ’
653 403 760 468 αὐτῶν
779 402 910 482 ὀλεθρία
930 404 1190 484 βουλεύεεται.

310 498 457 558 Graecum
475 517 542 559 csse
561 516 637 574 nego
658 493 824 573 βουλεύειν
839 497 961 573 ψῆφον.
997 497 1102 559 Deleto
1116 499 1391 576 interpretamento,

222 587 417 648 substituam:
1048 659 1051 665 Ι

433 675 545 751 ψῆφοι
563 667 636 735 κατ’
655 669 762 736 αὐτῶν
781 668 912 749 ὀλεθρία
931 669 1145 736 διοίεεται.

221 765 389 843 Hesychius
409 759 571 825 διοίεεταιε
596 761 834 838 διακριθήεεται.
871 764 938 823 Vid.
957 764 1078 841 Eurip.
1119 762 1168 824 Or.
1183 766 1225 825 49
1246 768 1396 842 ee1652,

222 858 253 915 ct
271 874 359 932 saepe
377 855 421 914 ita
440 855 599 930 scriptores
617 854 779 930 pedestres.
821 853 971 928 Vulgatae
996 854 1173 914 adversatur
1191 874 1309 932 quoque
1327 876 1393 932 pro·

222 945 300 1004 xime
319 962 446 1020 sequens
467 939 647 1020 βουλευέτω
666 943 698 1002 in
716 943 820 1002 eedem
838 942 949 1002 senarii
967 943 1037 1002 sede
1055 943 1195 1019 positum.

312 1035 384 1093 220.
705 1025 781 1106 μηδ’
799 1026 937 1105 ἐπίδοιμι
955 1025 1049 1092 τάνδ’

434 1114 734 1195 ἀετυδρομουμέναν
753 1115 848 1181 πόλιν
867 1116 918 1180 καὶ
937 1113 1141 1196 επράτευμ’

434 1203 655 1284 ἁπτόμενον
674 1204 749 1284 πυρὶ
768 1205 858 1288 δαῖῳ.

312 1299 385 1370 Quis
404 1317 464 1358 non
489 1299 588 1375 potius
614 1299 718 1359 credat
742 1299 839 1374 ipsam
859 1299 963 1358 urbem
987 1299 1046 1360 dici
1069 1303 1194 1376 apocta
1217 1295 1396 1378 conflagrari

223 1408 313 1467 quam
333 1388 427 1449 cives!
465 1385 597 1448 Conieci:

550 1488 552 1492 ’
860 1472 912 1536 καὶ
931 1475 1093 1550 ετρατοῦ

436 1561 682 1640 δαπτομέναν
701 1560 776 1640 πυρὶ
795 1562 884 1644 δαῖῳ.

312 1655 357 1716 Of.
371 1656 469 1718 Prom.
484 1657 547 1716 368
564 1656 595 1715 et
612 1655 697 1714 Iliad.
712 1651 742 1716 Ψ
758 1656 830 1716 183.
868 1655 916 1720 Its
930 1673 1009 1730 vero,
1028 1655 1077 1716 vel
1096 1655 1122 1716 si
1140 1660 1199 1717 non
1218 1656 1396 1736 scripserim,

223 1745 422 1806 intellexerim
441 1748 534 1806 certe:
558 1743 693 1819 ετρατοῦ
711 1776 756 1787 -
774 1739 849 1819 πυρὶ
868 1740 978 1805 δαΐου.

314 1838 375 1895 333
395 1853 457 1911 sqq.
494 1834 676 1912 Impugnata
699 1833 865 1894 Weckleini
893 1826 1036 1913 (Aesc'h.
1060 1832 1159 1894 stud.
1182 1856 1211 1911 p.
1236 1828 1297 1916 56)
1331 1854 1396 1896 con·

224 1926 347 2000 iectura,
371 1925 469 1984 locum
487 1923 704 1983 conclamatum
726 1923 793 1983 fuse
817 1923 946 2008 tractavi
968 1923 998 1982 in
1023 1922 1148 1986 Gomm.
1166 1923 1277 1985 Amst.
1301 1927 1333 1985 ct
1354 1925 1397 1986 sic

223 2015 347 2088 tentavi,
366 2016 401 2073 ut
420 2013 591 2073 scriberem:

436 2097 575 2162 κλαυτὸν
595 2093 628 2161 δ’
646 2094 899 2176 ἀετυδράμοιε

438 2185 668 2266 ὠμόδροπον
682 2187 830 2264 γονέων
843 2184 1062 2266 προπάροιθεν
1077 2189 1243 2266 διαμεῖψαι

437 2273 595 2356 δωμάτων
614 2276 767 2354 ετυγερὰν
786 2274 865 2341 δδόν

223 2373 280 2431 hac
298 2370 459 2430 sententia:
479 2370 650 2429 Miserum
669 2372 739 2443 est,
759 2369 985 2429 immaturam
1004 2369 1213 2446 decerptam
1233 2371 1275 2430 ab
1293 2371 1397 2432 hoste

226 2451 384 2541 (puellam)
401 2462 485 2519 ante
504 2477 565 2518 ora
582 2461 773 2534 parentum
796 2477 836 2518 err
855 2458 1003 2519 aedibus
1022 2459 1188 2534 paternis
1214 2461 1344 2520 abduci
1362 2462 1398 2521 in

226 2550 451 2611 servitutem.
498 2548 598 2607 Verba
626 2549 726 2608 autem
752 2547 918 2622 clausisset
943 2579 981 2590 —
1007 2541 1087 2608 ὁδόν
1110 2548 1306 2624 interpretor:
1334 2569 1397 2626 pro

225 2638 374 2698 aedibus
393 2638 552 2697 odiosam
570 2636 663 2698 viam
681 2639 914 2712 commutare,
933 2634 952 2698 i.
972 2656 997 2697 e.
1014 2656 1068 2712 pro
1086 2637 1166 2696 felici
1186 2638 1249 2704 vita
1263 2639 1293 2698 in
1307 2640 1395 2716 domo

224 2730 351 2804 paterna
369 2727 476 2786 abduci
494 2728 526 2786 in
540 2726 727 2802 servitutem
746 2729 781 2785 ut
799 2727 875 2787 dixit
889 2726 1047 2802 Euripides
1061 2727 1126 2802 Iph.
1140 2727 1174 2786 T.
1190 2728 1263 2787 398.
1296 2721 1395 2804 Ἀειή-

225 2818 296 2877 τιδα
325 2809 457 2896 (γαῖαν)
486 2811 640 2891 Εὐρώπα(
665 2810 842 2891 διαμείψαε.
889 2815 933 2877 of.
959 2815 1047 2875 Dind.
1070 2817 1136 2876 lea
1159 2816 1286 2876 Aesch.
1309 2816 1397 2878 Add.

316 2997 390 3056 375.
440 2987 566 3068 λέγοιμ’
584 2988 623 3055 ἂν
643 2988 736 3054 εἰδὼε
755 2989 791 3053 εὖ
809 2988 849 3053 τὰ
867 2991 933 3054 τῶν
952 2989 1109 3055 ἐναντίων
1158 3040 1160 3044 .

438 3079 483 3144 ὥς
501 3077 533 3144 τ’
552 3081 588 3145 ἐν
607 3080 721 3145 πάλαι(
741 3079 870 3144 ἕκαετοε
889 3077 1017 3158 εἴληχεν
1035 3078 1167 3143 πάλον.

319 3172 443 3234 collatis
461 3173 533 3234 locis
553 3192 596 3234 vs.
616 3175 667 3251 55,
686 3174 811 3234 Eumcn.
826 3175 877 3248 32,
896 3173 977 3233 Pers.
994 3175 1055 3233 187
1080 3172 1176 3232 facilis
1200 3174 1329 3249 suspicio
1354 3179 1400 3234 est

229 3263 432 3340 reponendum
452 3281 517 3322 esse
536 3256 652 3341 πάλῳ.
688 3262 752 3321 Aut
769 3263 826 3322 hoc
843 3281 948 3323 verum
968 3264 1022 3335 ost,
1041 3264 1094 3321 aut
1111 3264 1201 3338 poeta
1218 3263 1354 3330 dederat:

440 3346 484 3411 oc
502 3345 535 3411 τ’
552 3348 589 3411 ἐν
607 3347 722 3411 πύλαι(
741 3347 871 3412 ἕκαετοε
890 3345 1053 3410 ἔεπακεν
1071 3345 1185 3424 πάλον,

173 3477 176 3483 =
227 3444 262 3500 ut
281 3441 400 3517 scripsit
416 3441 448 3499 in
466 3440 643 3517 Agamemn.
663 3443 725 3500 333

440 3523 485 3589 dec
505 3525 634 3590 ἕκαετοε
653 3524 807 3590 ἔεκαεεν
825 3525 922 3604 τύχη(
942 3523 1074 3588 πάλον.

315 3620 365 3678 Ita
382 3613 510 3693 εἴληχεν
529 3618 608 3678 foret
625 3619 810 3696 glossatoris.
846 3619 915 3678 Vid.
935 3618 1009 3692 423,
1029 3618 1103 3677 451.

319 3710 392 3768 432.
436 3702 503 3781 ἔχει
535 3704 571 3767 δὲ
602 3699 796 3788 (Capaneus)
827 3708 907 3782 εῆμα
936 3702 1058 3781 γυμνὸν
1089 3699 1191 3781 ἄνδρα
1219 3704 1399 3785 πυρφόρον,
1513 3779 1517 3786 ,

441 3794 555 3871 φλέγει
574 3792 610 3856 δὲ
629 3792 755 3872 λαμπὰε
774 3792 827 3857 διὰ
846 3796 955 3870 χεροῖν
973 3790 1198 3871 ὡπλιεμένη.

318 3885 427 3945 Verius
442 3885 562 3946 videtur
576 3879 813 3965 ώπλιεμένῳ,
829 3886 891 3946 scil.
901 3886 947 3966 τῷ
961 3879 1053 3960 ἀνδρὶ
1067 3887 1105 3966 τῇ
1121 3881 1268 3961 λαμπάδι.
1296 3885 1399 3963 Εωάρ.

228 3976 335 4036 Bacch.
355 3977 432 4036 732:

441 4059 566 4139 έπεεθε,
586 4060 738 4138 θύρεοιε
756 4059 818 4124 διὰ
836 4062 960 4139 χερῶν
979 4058 1225 4138 ὡπλιεμὲναι.

316 4152 485 4231 Aeschylus
509 4153 553 4213 ita
583 4153 703 4230 scripsit
729 4174 784 4231 pro
803 4148 956 4229 ὥπλιεται
983 4151 1019 4214 δὲ
1047 4148 1099 4213 διὰ
1126 4151 1231 4227 χερῶν
1259 4148 1401 4227 λαμπάδι

230 4239 401 4322 φλεγούεῃ.
431 4243 597 4320 Vulgatum
611 4263 670 4303 non
684 4246 788 4303 tuctur
798 4245 883 4305 locus
894 4243 1073 4320 Euripideus
1088 4261 1123 4302 ex
1136 4242 1208 4302 Ione
1225 4244 1298 4318 993,
1317 4245 1400 4305 cuius

235 4333 294 4392 alia
312 4333 389 4392 ratio
408 4335 463 4393 est.
501 4331 603 4394 Simile
620 4333 727 4395 vitium
745 4333 824 4394 inira
841 4332 1008 4395 videbimus
1026 4333 1065 4392 ad
1083 4329 1214 4408 Ohoeph.
1231 4334 1303 4394 732.
