3084 4958
258 197 322 261 136
614 271 619 280 .
687 198 722 252 Η.
741 213 796 253 ven
814 197 998 253 Herwerden:

256 364 384 423 videtur.
421 363 541 422 Primus
560 365 596 423 de
616 349 745 424 sanitate¹
765 367 823 426 loci
841 366 1006 442 dubitarit,
1026 365 1106 441 quod
1125 365 1230 438 sciam,
1253 363 1431 434 Karsteuus,

256 453 324 528 quis
349 453 391 512 sic
409 453 526 511 scribit:
554 452 649 526 „Quis
670 456 815 514 attentius
834 456 937 532 legens
955 473 1015 514 non
1033 456 1178 530 agnoscat
1200 452 1431 529 repugnantiam
1515 470 1516 477 ¹

256 561 323 600 esse
335 543 372 600 *iu
390 541 489 600 verbis
509 541 582 603 ζῶει
596 572 640 582 -
655 541 863 618 (υνθνήεκειν,
884 563 959 603 oum
977 543 1126 604 vivente
1145 542 1312 602 commori
1328 559 1350 600 s.
1363 558 1432 598 una
1515 596 1516 611 ,

256 630 367 689 mori?
395 650 492 706 neque
506 633 626 690 tanturn
643 632 674 689 in
692 633 801 706 verbis,
820 634 873 692 sed
893 633 984 692 etlam
1003 633 1034 691 in
1057 631 1161 690 rebus:
1188 625 1264 700 ἄτη(
1283 626 1432 690 θύελλαι(

257 720 427 796 significant
449 719 618 778 incendium
641 722 790 796 procellae
813 723 908 781 instar
929 723 1046 798 furens3
1068 721 1129 780 iem
1151 739 1243 796 quum
1261 719 1433 778 incendium
1515 730 1516 747 ¹

258 809 332 868 vivit
342 813 372 868 et
386 809 491 882 fervet,
506 809 611 868 favilla
623 829 683 870 non
693 810 838 870 emoritur
848 815 878 869 et
891 811 1099 887 restinguitur,
1114 811 1165 868 sed
1180 809 1273 868 ardet.
1300 808 1432 867 Necesse

257 902 304 957 est
326 899 400 957 haec
422 899 454 956 in
478 899 665 957 concordiem
687 900 793 975 redigi
829 900 1019 959 Alterutrum
1040 899 1098 958 dici
1116 899 1250 974 postulat
1268 898 1358 956 ratio:
1382 897 1433 956 vel
1515 920 1516 929 ι

257 987 450 1063 „incendium
473 987 616 1062 subsidit,
640 990 774 1066 sedatur,
799 992 830 1048 et
852 988 942 1048 simul
966 989 1072 1048 favilla
1093 990 1184 1047 morit
1185 981 1234 1045 ur‘
1235 985 1309 1048 ‘vel
1328 989 1433 1046 contre

257 1077 409 1151 „incendii
427 1077 512 1135 furor
538 1077 634 1152 riget,
663 1081 694 1136 et
713 1078 803 1136 simul
821 1079 924 1137 favilla
949 1079 1048 1152 ardet,
1076 1075 1222 1136 aestuetf‘
1263 1075 1432 1150 Speciosius

257 1122 358 1223 lamen
377 1183 466 1266 quam
485 1166 586 1224 verius
605 1166 677 1225 haec
696 1167 850 1243 disputata
869 1173 952 1226 sunt:
971 1186 1042 1225 nam
1059 1165 1235 1241 praesertim
1254 1164 1307 1223 ubi
1329 1165 1434 1240 agitur

257 1273 316 1313 non
348 1255 385 1312 de
410 1253 498 1312 unius
527 1254 653 1313 aedificii
679 1250 816 1316 incendio
838 1256 891 1316 sed
916 1256 952 1315 de
974 1274 1084 1331 magua
1108 1255 1191 1328 urbe,
1209 1273 1285 1329 quae
1303 1253 1434 1311 flammis

257 1345 407 1416 vastatur,
433 1343 492 1418 ipsi
517 1343 562 1402 rei
583 1348 710 1403 naturae
728 1363 893 1421 congruum
913 1348 972 1419 est,
998 1344 1058 1404 alia
1079 1344 1181 1420 prius,
1205 1343 1265 1401 alia
1283 1341 1434 1418 posterius

257 1433 327 1506 igne
357 1432 504 1505 consumi,
529 1433 631 1508 itaque
660 1434 779 1493 furente
809 1434 905 1492 adhuc
928 1434 1062 1493 incendio
1085 1426 1261 1511 (quodiam
1285 1431 1357 1490 setis
1380 1430 1436 1488 diu

259 1521 429 1582 duraverat
457 1521 524 1580 Vid.
536 1515 626 1602 818),
645 1523 693 1582 hic
713 1525 743 1582 et
761 1523 823 1582 illic
842 1523 934 1582 emori
953 1527 984 1582 et
1002 1522 1150 1598 restingui
1168 1521 1295 1582 favillas.
1327 1519 1436 1578 Latuit

262 1608 1234 1687 autemKerstenum,praepositionemincuvdvr'qcsoucenoncum
1241 1611 1436 1686 praegressis,

259 1700 338 1775 quod
363 1719 434 1758 sane
455 1699 615 1758 ridiculum
638 1703 729 1776 foret,
752 1701 932 1777 iungendam
956 1719 1021 1760 esse
1041 1700 1093 1759 sed
1110 1699 1261 1775 pertinere
1280 1698 1318 1757 ed
1336 1693 1435 1756 πίονα

259 1786 411 1848 πλοῦτον.
438 1788 584 1848 Fauille
597 1790 789 1866 prosequitur
804 1809 826 1850 s.
837 1790 1032 1849 comitatur
1046 1789 1283 1849 Troianorum
1298 1806 1381 1863 opes
1396 1787 1434 1845 in

258 1878 392 1935 fumum
414 1877 582 1938 redactas
606 1879 712 1938 simul
736 1899 811 1938 cum
834 1879 879 1938 iis
902 1879 1067 1938 moriens.
1095 1877 1192 1948 Quam
1210 1894 1282 1937 vera
1301 1877 1340 1936 sit
1358 1876 1433 1933 haec

258 1969 366 2042 poetae
381 1966 541 2040 descriptio
560 1969 691 2027 sentient
709 1987 823 2041 omnes,
842 1969 893 2043 qui
907 1987 1048 2044 umquem
1066 1986 1175 2043 magno
1193 1965 1328 2025 incendio
1342 1965 1449 2043 atine·

260 2058 338 2114 runt.
363 2053 467 2130 Surgit
477 2056 557 2114 enim
567 2077 627 2116 una
637 2077 704 2116 cum
714 2057 796 2116 fumo
806 2057 919 2130 favilla,
934 2060 969 2116 ut
979 2076 1049 2115 mox
1057 2057 1203 2115 exstinctu
1215 2055 1300 2113 humi
1312 2053 1430 2113 recidat.

196 2217 199 2222 ,
348 2146 486 2219 83Vsqq.
521 2147 609 2206 Hunc
640 2147 738 2206 locum
769 2147 801 2206 in
834 2145 959 2206 Oomm.
986 2146 1095 2205 Amst.
1130 2145 1172 2204 sic
1205 2144 1312 2220 corrigi
1342 2161 1429 2218 posse

258 2233 441 2307 existimavi,
459 2238 494 2294 ut
511 2231 676 2312 legeretur:

472 2320 672 2386 utelrrouc
691 2317 817 2397 λέγοιμ’
836 2318 888 2398 ἄν,
915 2319 950 2383 εὖ
969 2318 1030 2398 γὰρ
1050 2319 1221 2384 ἐξέπειεέ
1242 2338 1283 2396 με

1128 2404 1192 2490 (vel
1211 2406 1344 2472 ἐξέδειξὲ
1364 2398 1426 2488 μοι)

472 2497 596 2576 ὁμιλία(
615 2495 808 2575 κάτοπτρον,
828 2496 999 2561 εἰδώλων
1018 2495 1134 2575 (κιά(,

472 2591 649 2651 δοκοῦντα(
669 2585 750 2650 εἶναι
768 2585 869 2665 κάρτα
888 2589 1076 2665 πρευμενεῖ(
1096 2584 1174 2664 ἐμοί.

473 2676 595 2754 μόνο(Ι
610 2674 643 2739 δ’
661 2673 840 2754 Ὀδο((εύ(,
860 2674 959 2754 δ’(περ
978 2674 1039 2753 οὐχ
1058 2674 1141 2739 ἑκὼν
1160 2675 1262 2753 ἐπλει,

475 2766 616 2845 Ζευχθεὶ(
636 2765 763 2844 ἑτοῖμο(
781 2765 822 2845 ἦν
840 2765 910 2844 ἐμοὶ
930 2763 1129 2843 (ειραφόροε.

348 2858 448 2934 Vulgo
464 2854 575 2918 εἰδὼ(
593 2891 636 2899 -
656 2854 916 2932 ἐξεπίεταμαι,
936 2853 1060 2932 ὁμιλία(
1081 2889 1118 2898 -
1141 2851 1306 2916 εἴδωλον
1322 2854 1433 2916 (side.

350 2948 385 3005 In
399 2948 445 3006 his
461 2943 606 3008 εἰδώλων
621 2943 706 3008 (κιά(
721 2948 842 3024 egregie
857 2950 903 3006 est
916 2946 1023 3006 Keckii
1041 2946 1219 3020 emendatio,
1238 2965 1314 3022 quse
1333 2948 1436 3004 tamen

208 3083 212 3094 .
259 3037 418 3096 manifesto
438 3038 502 3096 sole
520 3058 579 3098 nou
599 3037 718 3098 sufficit.
737 3069 780 3078 —
800 3035 844 3095 cf.
859 3037 929 3095 Eur.
944 3036 1034 3113 Hipp.
1049 3037 1114 3094 428
1126 3055 1188 3111 sqq.

352 3127 425 3185 852.
471 3126 531 3186 νῦν
551 3121 584 3185 δ’
602 3123 636 3186 ἑ(
655 3124 796 3201 μέλαθρα
815 3121 865 3184 καὶ
884 3120 1002 3199 δόμου(
1021 3119 1188 3199 ἐφεετίου(

474 3211 579 3276 ἐλθὼν
599 3215 721 3276 θεοῖ(ι
742 3213 854 3289 πρῶτα
874 3210 1068 3288 δεξιώεομαι.

348 3302 443 3362 Valde
470 3307 609 3380 suspecta
633 3305 707 3362 mihi
733 3307 779 3363 est
805 3306 956 3363 structura
980 3303 1064 3363 verbi
1090 3301 1265 3364 δεξιοῦ(θαι
1289 3294 1332 3381 (h.
1350 3302 1369 3361 l.
1391 3325 1435 3346 =

260 3385 461 3466 ἀεπάζεεθαι,
481 3387 745 3473 προεαγόμευειν)
766 3411 833 3452 oum
852 3392 961 3454 dativo.
992 3391 1208 3469 corrigendum
1227 3391 1374 3466 suspicor:

475 3479 587 3542 θεοὺ(
605 3479 673 3556 μὲν
692 3481 803 3556 πρῶτα
822 3477 1017 3555 δεξιώεομαι.

350 3570 482 3630 Voculae
506 3566 564 3645 μέν
587 3590 647 3630 non
670 3573 812 3647 sequente
832 3566 867 3629 δέ
888 3572 1023 3645 exempla
1040 3570 1108 3630 ride
1126 3569 1158 3629 in
1176 3567 1322 3628 Diudorfii
1340 3567 1436 3625 lexico

261 3657 428 3735 Aeschyleo
447 3660 478 3717 in
496 3678 558 3719 voc.
575 3656 632 3733 μὲν
651 3660 706 3719 sub
727 3661 745 3718 5
765 3677 834 3735 pag.
850 3661 914 3719 210
924 3659 961 3717 A.

352 3750 425 3807 863.
471 3745 522 3806 καὶ
540 3745 598 3809 τὸν
617 3745 674 3822 μὲν
693 3744 794 3823 ἥκειν,
813 3742 872 3807 τὸν
891 3741 924 3806 δ’
943 3743 1187 3823 ἐπειεφέρειν
1205 3745 1304 3806 κακοῦ

475 3831 584 3896 κάκιον
604 3831 684 3897 ἄλλο
705 3839 805 3912 πῆμα,
825 3831 999 3897 λάεκοντα(
1019 3832 1136 3911 δόμοι(

350 3925 480 3984 Plenum
490 3945 556 3985 esse
567 3926 697 3985 arbitror
706 3927 784 3984 male
794 3926 898 3984 inferri
912 3928 983 4001 post
995 3922 1083 4001 ἥκειν
1097 3925 1223 3985 verbum
1238 3919 1437 3998 ἐπεαμέρειν,

262 4033 316 4115 pro
342 4035 400 4090 quo
424 4015 506 4073 aliud
528 4015 653 4091 requirit
654 4035 690 4073 ur
640 4015 881 4074 tveniendi
904 4015 1042 4092 verbum,
1067 4018 1103 4073 ut
1125 4017 1285 4089 utrumque
1310 4010 1437 4071 verbum

262 4104 346 4179 iungi
364 4105 460 4178 possit
478 4123 546 4163 cum
563 4103 721 4212 participio
741 4098 924 4163 ldcnovwc.
957 4101 1076 4179 Optime
1095 4103 1231 4162 haberet:

476 4189 526 4252 καὶ
545 4189 603 4253 τὸν
623 4189 715 4267 μὲν’
699 4208 799 4268 ηκειν,
817 4185 929 4253 τὸνδ’
947 4188 1197 4267 ἐπειεέρρειν,
1216 4189 1316 4249 κακοῦ

476 4277 585 4343 κάκιον
604 4276 685 4342 ἄλλο
705 4283 793 4358 πῆμα
812 4276 986 4342 λάεκοντα(
1005 4277 1122 4354 δόμοις.

354 4367 398 4428 Cf.
414 4369 521 4429 Pollux
545 4371 632 4447 VIII,
655 4373 716 4430 158
737 4375 768 4430 et
786 4370 890 4430 Suld.'
881 4391 900 4429 1.
915 4389 942 4430 ν.
962 4365 1192 4443 ἐπειεήρρηεεν.
1226 4358 1272 4445 (Ο.
1289 4361 1346 4446 Α.).
