3084 4958
238 992 410 1054 Continebit
427 993 484 1053 hoc
502 991 679 1070 opusculum
696 1010 757 1052 non
774 993 894 1052 tantum
913 1011 962 1052 eas
982 990 1175 1066 coniecturas,
1194 992 1226 1052 in
1244 1011 1318 1070 quas

148 1083 310 1143 novissimo
324 1086 458 1159 tempore
473 1081 656 1158 Aeschyleas
670 1082 788 1141 fabulas
804 1081 1035 1158 diligentissime
1048 1082 1206 1160 perlegens
1220 1082 1320 1158 incidi,

147 1172 309 1232 sedetiam
328 1190 387 1246 eas,
410 1190 486 1248 quae
511 1171 561 1231 hic
578 1171 640 1231 illio
658 1171 689 1230 in
707 1171 909 1247 compluribus
928 1171 1147 1248 scriptiunculis
1167 1171 1320 1248 dispersae

146 1261 292 1338 hodieque
315 1260 388 1319 mihi
409 1261 583 1337 probantur.
629 1259 714 1331 Quod
736 1260 905 1320 faciendum
927 1260 1032 1337 putavi
1054 1264 1213 1337 propterea
1241 1261 1321 1338 quod

146 1349 254 1409 harum
271 1350 432 1427 pleresque
450 1350 489 1408 ad
507 1349 755 1426 paucissimorum
772 1349 905 1409 virorum
924 1351 1078 1410 doctorum
1098 1350 1236 1409 notitiam
1254 1369 1320 1426 per-

145 1438 264 1499 venisse
277 1440 426 1499 videntur.
459 1437 540 1509 Ques
555 1442 657 1499 autem
670 1438 843 1498 Dindorfius
862 1439 893 1497 in
908 1439 953 1500 ed.
968 1439 1029 1498 Vta
1047 1441 1203 1515 poetarum
1219 1437 1318 1498 Sceni-

146 1546 249 1588 corum
268 1526 450 1588 Graecorum
469 1531 522 1587 aut
544 1528 657 1604 recepit
675 1531 729 1588 aut
747 1527 997 1602 commemoravit,
1020 1527 1095 1586 nihil
1118 1546 1227 1588 causae
1246 1530 1320 1604 erat,

147 1636 199 1676 cur
222 1616 270 1685 hic
302 1620 477 1694 repeterem.
525 1615 665 1693 Singulos
697 1617 815 1678 fabulas
844 1617 946 1677 ordine
972 1635 1149 1693 percurrens
1177 1635 1320 1676 versuum

145 1724 285 1766 numeres
308 1709 417 1767 notabo
442 1708 604 1767 secundum
622 1707 706 1783 hanc,
731 1726 791 1784 qua
808 1706 967 1785 praecipue
987 1724 1060 1767 usus
1081 1704 1320 1782 sum,Dind01·fii

145 1812 356 1856 recensronem.

567 1942 622 1998 Ad
643 1942 897 2000 Prometheum.

234 2063 287 2125 Vs.
306 2065 358 2124 89.
685 2058 828 2126 ποντίων
846 2079 880 2125 τε
904 2057 1052 2138 κυμάτων

358 2143 532 2226 ἀνήριθμον
550 2148 728 2227 γέλαςμα.

233 2239 318 2301 Licet
341 2259 396 2317 ope
413 2240 556 2317 locorum,
575 2259 649 2316 quos
667 2240 848 2317 interpretes
866 2241 904 2300 ad
922 2241 996 2302 haec
1013 2242 1108 2303 verbs
1126 2242 1239 2301 tuenda
1252 2260 1319 2300 oon-

145 2332 318 2406 gesserunt‚
336 2326 479 2403 γέλαςμα
497 2347 552 2405 per
571 2347 603 2389 se
621 2329 750 2390 fortasse
769 2329 887 2390 defendi
905 2330 1010 2407 possit,
1028 2330 1073 2390 ita
1091 2334 1193 2390 tamen
1211 2329 1319 2390 abhoc

146 2419 211 2478 loco
231 2421 261 2478 et
279 2436 297 2477 a
316 2421 398 2478 statu
421 2417 543 2493 mentis,
566 2418 598 2477 in
620 2438 678 2495 quo
696 2418 893 2480 Prometheus
916 2422 1066 2493 versatur,
1091 2420 1224 2479 alienum
1246 2419 1319 2478 mihi

146 2507 273 2581 videtur,
292 2511 327 2567 ut
345 2506 530 2583 Aeschylum
547 2506 592 2567 ita
610 2507 763 2584 scripsisse
781 2510 962 2585 persuadere
985 2509 1059 2568 mihi
1083 2527 1238 2586 nequeam.
1279 2508 1320 2566 Et

145 2595 299 2673 displicuit
312 2614 380 2656 cum
391 2595 460 2656 ¹aliis
475 2596 540 2655 tum
553 2597 626 2674 viro,
640 2596 692 2673 qui
706 2597 870 2657 multorum
883 2598 958 2657 mihi
971 2598 1068 2658 instar
1082 2601 1135 2672 ost,
1150 2595 1320 2656 Nauokium

144 2686 225 2758 volo,
256 2685 340 2745 cuius
367 2688 468 2745 tamen
491 2685 679 2746 coniecturae
702 2683 887 2762 νήριθμον
911 2678 1121 2762 ἂγκάλιςμα
1144 2704 1204 2745 non
1227 2685 1318 2760 favet,

148 2774 227 2850 quod
245 2774 343 2833 forma
360 2771 511 2850 νήριθμος
533 2794 588 2851 pro
611 2767 783 2850 ἀνάριθμος
807 2775 869 2837 sive
888 2769 1059 2852 ἀνήριθμα(
1079 2767 1221 2857 (utuntur
1240 2775 1319 2834 enim

145 2857 286 2943 utraque)
307 2864 386 2938 apud
403 2862 533 2940 tragicos
547 2883 695 2941 nusquam
708 2864 866 2940 reperitur.
899 2865 1008 2925 Melius
1022 2865 1116 2942 igitur
1131 2863 1318 2925 coniecisset:

144 2945 356 3026 ἀνάριθμον
376 2944 594 3027 ἀγκάλιςμα.
638 2953 725 3028 Mihi,
749 2954 796 3013 cll.
811 2953 891 3031 Sept
909 2957 971 3016 115
992 2957 1022 3014 et
1042 2956 1115 3030 716,
1137 2953 1170 3014 in
1186 2954 1319 3013 mentem

142 3041 227 3101 venit
245 3034 419 3116 ἀνήριθμον
437 3035 642 3116 κάχλαςμα.

234 3132 306 3191 112.
342 3124 508 3204 ὑπαίθριος
529 3122 599 3212 (sic)
621 3130 757 3205 δεςμοῑςι
776 3127 1042 3206 παςςαλεαμένος.

232 3218 324 3279 Miser
342 3219 389 3278 hic
408 3218 507 3279 foetus
525 3218 624 3279 nescio
644 3219 728 3280 cuius
747 3220 902 3297 poetastri,
921 3220 974 3297 qui
987 3239 1043 3297 ope
1056 3238 1116 3282 vsa.
1132 3221 1183 3294 20,
1199 3221 1249 3293 56,
1267 3220 1317 3294 65,

143 3307 182 3367 al.
200 3307 279 3368 huno
296 3308 477 3368 versiculum
496 3308 570 3369 satis
588 3307 719 3369 otiosum
737 3309 859 3370 tinxisse
877 3310 1004 3387 videtur,
1023 3309 1139 3370 auctori
1158 3327 1212 3368 suc
1226 3327 1318 3384 quan-

144 3396 239 3456 tocius
267 3397 419 3457 reddatur.
464 3397 500 3456 In
529 3416 563 3456 eo
591 3399 765 3474 corrigendo
794 3417 916 3475 operam
942 3401 973 3459 et
999 3399 1098 3458 oleum
1123 3397 1319 3474 perdiderunt

142 3485 314 3545 Dindorfius
333 3505 478 3562 reponens
502 3484 803 3562 προςπεπαρμένος,
826 3488 966 3547 Mom'aius
985 3486 1166 3547 Schmidtius
1186 3502 1318 3561 προυςε-

143 3569 311 3649 λούμενος,
332 3574 527 3635 Blomfieldus
546 3569 731 3650 ὑπαιθρίοις.
773 3575 915 3637 Ceterum
937 3576 1079 3637 falsarius
1103 3575 1317 3653 proculdubio

143 3663 225 3722 haud
243 3681 315 3723 sane
333 3663 453 3740 optimis
471 3665 604 3724 numeris
624 3666 759 3725 dederat:

355 3747 521 3827 ὑπαίθριος
547 3753 698 3827 δεςμοῑς
725 3751 1099 3832 πεπαςςαλευμένος.

236 3843 310 3905 274.
328 3836 454 3903 πίθεςθέ
475 3858 527 3917 μοι
545 3837 685 3918 πίθεςθε,
705 3839 923 3919 ςυμπονῆςατε

324 3930 370 4010 τῷ
389 3929 448 3992 νῦν
467 3931 627 4006 μογοῦντι.
664 3926 782 3992 ταύτά
799 3948 849 3993 τοι
868 3928 1062 4008 πλανωμένη

325 4015 405 4094 πρὸς
424 4013 539 4080 ἄλλοτ’
556 4014 658 4082 ἄλλον
676 4019 802 4097 πημονὴ
822 4016 1010 4096 προςιζὰνει.

233 4107 282 4168 Ad
302 4108 481 4169 sententiam
499 4112 579 4169 recte
599 4112 669 4169 olim
687 4112 718 4170 in
737 4112 795 4172 Ex.
814 4109 900 4171 crit.
918 4110 1061 4187 proposui
1079 4109 1240 4190 πανταχῇ,
1264 4111 1317 4170 sed

144 4197 346 4259 oblitteranda
364 4217 424 4257 non
446 4197 546 4258 fuerat
563 4200 670 4259 rocula
688 4216 750 4274 τοι,
779 4219 869 4276 quam
896 4199 1053 4260 sententiis
1077 4199 1228 4274 propriam
1251 4217 1317 4259 esse

143 4290 270 4347 constat.
314 4288 401 4346 Nunc
419 4286 514 4364 igitur
532 4288 648 4365 corrigo
670 4283 794 4349 πάντα
817 4304 867 4347 τοι
886 4286 938 4347 πλ.
953 4281 1030 4362 κτὲ.,
1053 4287 1072 4347 i.
1087 4306 1112 4348 e.
1127 4288 1316 4348 calamitas

143 4376 263 4436 omnia
280 4394 483 4452 pervagans
503 4377 603 4438 modo
622 4378 713 4437 hunc
732 4376 834 4436 modo
852 4376 955 4435 illum
980 4377 1203 4454 aggreditur.
1240 4377 1316 4436 Ean·

1119 4474 1157 4530 9*
