3084 4958
464 231 467 236 ·
505 196 722 253 Emendationes
741 159 921 268 Aeschylsoe.
1238 198 1300 262 147
1426 263 1429 270 ,

125 355 234 444 esseti)
262 365 352 438 poeta
380 362 505 422 dixisset
533 363 624 424 δυοῖν
647 364 812 435 γυναικοῖν
834 365 866 422 in
889 365 1039 425 codicibus
1064 365 1301 442 editionibusque

124 451 346 511 circumfertur:

342 538 453 617 θήλεια
471 537 533 616 γὰρ
553 539 653 618 φρήν·
673 537 755 602 εἰδὲ
774 539 828 617 μὴ,
848 535 923 616 τάχ’
942 536 1064 602 είεεται.

216 628 345 689 Versum
363 649 424 690 non
442 632 502 690 iam
521 632 633 691 dudum
652 630 826 691 damnatum
846 649 911 690 esse
929 650 965 690 eo
983 632 1079 707 magis
1097 631 1202 709 miror,
1222 633 1301 708 quod

122 718 327 777 necessarium
338 720 471 781 dativum
481 715 615 799 Αἰγίεθῳ
624 722 778 796 poetuster
788 721 877 780 metri
892 723 1012 781 coactus
1027 721 1174 797 angustiis
1192 723 1300 796 omisit.

125 806 236 866 Utrum
255 826 326 867 vero
346 809 402 883 sic,
421 829 460 868 an
479 805 506 869 εἰ
525 803 558 868 δ’
577 806 649 885 ἐμὴ,
669 810 758 868 ίιοαιο
777 810 892 869 dederit
910 829 1017 885 parum
1036 828 1115 870 curo.

215 899 290 958 414.
316 897 383 958 Vid.
398 898 445 958 ad.
459 899 567 975 Agem.
584 901 678 959 1309.

215 988 290 1047 427.
314 980 463 1048 ἄνωθεν
482 982 644 1049 ἀνέκαθεν.
679 985 797 1047 conieci
822 981 979 1061 ἔνερθεν
998 988 1028 1046 in
1048 987 1301 1051 O.A.Vid.Dind.

124 1074 212 1135 Add.
232 1076 296 1134 lex.
316 1096 344 1151 p.
359 1077 471 1137 loos.

220 1167 293 1225 434.
341 1164 438 1225 Orest.
469 1161 508 1226 τό
527 1165 592 1226 πᾶν
611 1160 728 1241 ἀτίμω(
747 1160 892 1239 έλεξαε,
912 1159 1010 1241 οἴμοι·

300 1319 302 1325 ,
339 1251 461 1329 πατρὸς
480 1249 513 1314 δ’
531 1250 679 1329 ἀτίμωτιν
699 1248 761 1328 ἄρα
779 1249 873 1314 τίτει
973 1247 976 1250 ’

341 1339 428 1404 ἑκάτι
446 1341 504 1419 μὲν
524 1339 685 1418 δαιμόνων
703 1339 765 1404 κτὲ.

216 1425 347 1505 Ἀτίμω(
375 1431 482 1505 λέγειν
509 1451 565 1508 pro
593 1430 699 1505 λέγειν
727 1427 821 1507 ἄτιμα
847 1431 993 1492 Graecum
1022 1451 1088 1491 esse
1113 1451 1201 1491 nemo
1227 1434 1302 1493 mihi

125 1520 328 1598 persuadebit,
347 1521 448 1598 itaque
467 1523 565 1582 loeu'm
584 1522 725 1582 vitiosum
744 1541 809 1582 esse
828 1521 907 1598 apud
925 1541 973 1581 me
992 1524 1118 1582 constat.
1150 1521 1303 1598 Suspicor:

339 1607 377 1670 τὸ
396 1611 461 1672 πᾶν
480 1605 599 1685 ἀτίμωτ
618 1605 764 1686 έρεξατ,
784 1605 877 1686 οίμοι.

341 1697 461 1774 πατρὸς
480 1695 513 1760 δ’
531 1696 680 1775 ἀτίμωειν
700 1693 762 1774 ἆρα
780 1695 897 1761 sicsic
916 1694 978 1760 κτὲ.

124 1792 160 1849 ut
178 1790 251 1848 hose
270 1788 350 1849 dieat
371 1788 501 1866 Orestes,
519 1790 702 1865 continuato,
720 1809 810 1865 quum
831 1807 915 1849 soror
933 1807 1002 1848 orso
1021 1792 1093 1864 erut
1110 1789 1247 1850 oratione
1265 1791 1302 1850 ad

127 1877 409 1954 Clytaemnestram.
443 1877 487 1940 Of.
502 1882 567 1940 430
578 1899 640 1957 sqq.
672 1879 774 1938 Possis
793 1882 896 1938 tamen
914 1878 1005 1937 etiam
1024 1878 1078 1938 sic:

339 1963 377 2027 τὸ
396 1964 667 2045 παντότολμον
685 1963 810 2042 ἔλεξας,
830 1961 915 2041 οίμοι
934 1962 996 2027 κτὲ.

125 2057 144 2116 i.
159 2076 184 2117 ο.
204 2057 504 2133 audacissimum,
526 2077 603 2118 meo
624 2076 738 2134 soror,
761 2057 902 2117 facinus
922 2057 1224 2116 commemorasti!
1258 2055 1302 2116 Of.
1341 2095 1344 2100 -

125 2146 233 2222 Agom.
245 2148 317 2206 221.
342 2145 419 2206 Utra
429 2148 572 2207 correctio
581 2147 765 2224 probabilior
780 2145 828 2220 sit,
843 2145 909 2205 aliis
922 2145 1145 2205 diiudicandum
1157 2145 1302 2221 relinquo.

216 2237 289 2296 455.
334 2235 370 2294 In
398 2235 510 2295 scholio
536 2237 573 2295 sd
602 2238 630 2296 h.
650 2237 669 2296 l,
691 2235 805 2294 correxi
830 2228 902 2294 κατ’
929 2230 1049 2309 αὐτῶν,
1077 2237 1181 2293 contra
1206 2235 1302 2310 putris

130 2323 345 2399 interfectores,
365 2343 420 2401 pro
438 2319 513 2385 κατ’
531 2320 636 2386 αὐτόν.
674 2323 706 2384 O.
720 2325 758 2385 A.

217 2415 289 2474 505.
336 2413 449 2474 παῑδετ
468 2409 529 2488 γὰρ
548 2408 638 2488 ἀνδρὶ
657 2408 845 2494 κλῃδόνεε
864 2409 1010 2488 (ωτήριοι

339 2497 484 2562 θανόντι·
503 2499 618 2577 φελλοὶ
637 2497 670 2562 δ’
689 2499 733 2562 ὣ(
752 2497 862 2574 ἄγοντι
882 2496 1023 2576 δίκτυον,
1143 2543 1145 2548 ,

339 2587 397 2651 τὸν
416 2587 451 2651 ἐκ
472 2591 569 2666 βυθοῦ
587 2590 751 2668 κλωετῆρα
771 2589 926 2671 τῴζοντετ
945 2585 1044 2651 λίνου.

214 2679 272 2738 Vel
290 2679 357 2755 ipsa
375 2680 604 2756 comparationis
623 2681 701 2740 ratio
720 2681 849 2741 scribere
868 2679 988 2740 suadet:

588 2765 601 2786 '
719 2764 907 2850 κλῃδόνοτ
927 2765 1083 2843 εωτήριοι,

125 2857 203 2932 (μιαί
224 2861 255 2916 et
273 2858 369 2934 magis
389 2857 487 2918 sobrie
506 2861 537 2918 et
554 2859 708 2920 venustius
727 2859 840 2919 dictum
859 2862 913 2919 est.

217 2948 289 3006 514.
336 2943 486 3008 πυθέτθαι
506 2942 539 3007 δ’
557 2944 654 3008 οὐδέν
672 2941 739 3008 έττ’
756 2943 818 3010 ἔξω
838 2943 971 3023 δρόμου,

340 3031 440 3097 πόθεν
461 3032 539 3111 χοὰτ
558 3032 717 3111 ἔπεμψεν,
736 3033 771 3096 έκ
789 3032 876 3097 τίνοτ
895 3032 996 3109 λόγου
1096 3022 1105 3042 ’

340 3121 532 3200 μεθύετερον
550 3120 661 3200 τιμῶτ’
680 3119 852 3202 ἀνήκεττον
871 3121 987 3196 πάθος

339 3209 470 3275 θανόντι
493 3209 526 3274 δ’
539 3211 586 3295 ,οὐ
604 3213 781 3289 φρονοῦντι
800 3209 923 3274 δειλαία
942 3209 1032 3289 χάριτ

339 3297 508 3378 ἐπέμπετ’·
528 3299 586 3364 οὐκ
605 3297 712 3378 ἔχοιμ’
730 3297 770 3363 ἂν
790 3298 907 3363 εἰκάεαι
926 3298 1011 3363 τάδε.

338 3387 379 3451 τὰ
396 3388 502 3452 πάντα
521 3388 647 3467 γάρτι(
666 3389 779 3466 έκχέαε
797 3385 871 3453 ἀνθ’
890 3388 1022 3467 αίματοτ

340 3475 426 3557 ἑνδτ,
446 3476 547 3557 μάτην
567 3477 586 3542 δ
605 3476 738 3557 μόχθοε·
758 3473 821 3540 ὧδ’
839 3475 905 3555 ἔχει
925 3476 1031 3555 λόγος.

215 3566 365 3644 Quidquid
389 3575 436 3630 est
454 3572 673 3649 elegsntiomm
691 3571 858 3648 hominum,
883 3571 1023 3644 eutecio,
1046 3571 1197 3647 probabit,
1222 3571 1301 3648 quod

126 3660 195 3733 post
226 3676 390 3733 pronomen
422 3659 691 3722 demonstrativum
723 3655 800 3720 τάδε
832 3679 877 3720 vs.
901 3661 965 3718 51⁷
998 3659 1148 3720 omiserim
1180 3680 1300 3722 versum

126 3746 260 3821 spurium
278 3747 453 3824 languidum
473 3752 504 3808 et
521 3751 725 3826 subineptum:

225 3909 229 3920 .
337 3831 378 3895 τὰ
397 3835 498 3912 δῶρα,
517 3833 595 3913 μείω
615 3833 648 3898 δ’
666 3833 729 3898 έττλ
747 3838 804 3912 τῆε
822 3831 983 3912 ἁμαρτίας.

215 3921 271 3994 Qui
297 3925 423 4000 eddidit,
449 3945 509 3986 nou
534 3927 653 3988 videtur
677 3927 860 3987 intellexisse
885 3927 1005 3987 videtur
1029 3922 1105 3988 τάδε
1132 3925 1301 4004 significare

125 4013 214 4072 hanc
232 4031 314 4074 rem.

215 4105 289 4163 565.
314 4101 412 4164 Orest.
444 4099 496 4164 καὶ
515 4103 553 4180 δὴ
573 4105 729 4181 θυρωρῶν
749 4099 835 4166 οὔτι(
855 4100 894 4164 ἂν
915 4105 1036 4183 φαιδρᾷ
1055 4101 1149 4179 φρενὶ

446 4188 574 4268 δέξαιτ’,
594 4191 704 4270 ἐπειδὴ
724 4195 860 4272 δαιμονᾷ
879 4188 977 4266 δόμοε
994 4193 1112 4254 κακοῑε.

445 4282 603 4357 μενοῦμεν
622 4279 726 4344 οὕτω(
745 4278 823 4343 ὥττ’
841 4276 1062 4344 ἐπεικάζειν
1079 4279 1151 4343 τινὰ

447 4367 565 4447 δόμου(
585 4369 838 4448 παραττείχοντα
857 4367 907 4431 καὶ
926 4365 1001 4430 τάδ’
1018 4368 1180 4434 ἐννέπειν·
