3084 4958
651 186 685 240 H.
705 203 760 241 ven
778 185 959 242 Her-werden:

432 348 546 428 κράτος
566 345 841 434 (φθ)ιςίψυχον
858 349 894 413 ἐκ
912 355 1107 429 γυναικοῖν,

431 438 661 518 καρδιόδηκτον
680 439 758 516 ἐμοὶ,
777 437 954 516 κρατύνεις·

432 529 485 592 ἐπὶ
504 528 540 591 δὲ
560 527 704 605 ςῶματος
723 527 813 590 δίκαν

432 617 568 695 κορακὸς
587 616 704 696 ἐχθρὰ
723 615 887 681 ςταθεῖς’
906 615 1075 695 ἐκνόμως

432 707 534 784 ὕμνον
552 703 705 783 ὑμνοῦς’
724 705 892 783 ἐπεύχεται
912 703 1052 791 (νεκρῷ).

309 796 506 874 Φθιςίψυχον
532 817 569 858 ex
598 799 768 858 coniectura
792 819 860 858 mea
886 799 952 859 dedi
978 820 1032 876 pro
1059 795 1228 876 ἰςόψυχον,
1254 823 1308 879 pro
1334 825 1394 880 quo

221 889 444 950 Rauchenstein
458 883 645 963 κακόψυχον
659 888 791 962 coniecit,
806 888 996 948 Hermannue
1011 890 1047 949 de
1062 890 1125 950 solo
1139 895 1235 953 metro
1250 893 1396 953 sollicitus

220 975 251 1039 τ’
272 975 437 1054 ίςόψυχον.
477 978 514 1036 Iu
532 973 738 1052 φθιςίψυχον,
763 979 843 1054 quod
865 979 992 1038 formari
1018 980 1056 1038 ad
1075 981 1245 1056 analogiam
1268 984 1397 1042 vocabu-

221 1071 318 1129 lorum
338 1065 509 1146 φθιςήνωρ,
531 1062 741 1142 φθιςίβροτος,
761 1067 858 1143 prima
873 1068 991 1144 syllaba
1005 1069 1105 1130 brevis
1120 1087 1186 1128 esse
1200 1073 1307 1146 potest,
1327 1073 1397 1148 quia

223 1159 359 1217 futurum
378 1151 480 1231 φθίςω
496 1157 533 1215 ab
549 1156 658 1216 Atticis
679 1156 775 1232 poetis
795 1156 963 1233 corripitur.
996 1158 1075 1233 Apte
1094 1161 1195 1217 autern
1215 1159 1271 1219 hoc
1288 1160 1397 1220 dicitur

222 1246 259 1305 de
288 1245 534 1322 Clytaemnestra·
557 1248 588 1304 ct
619 1244 747 1322 Helena,
775 1264 902 1321 quarum
930 1247 1003 1306 haee
1029 1241 1083 1321 μία
1108 1245 1242 1308 πολλῶν
1268 1242 1397 1323 ἀνδρῶν

221 1329 327 1409 ψυχὰς
347 1331 490 1394 Δαναῶν
509 1329 629 1394 ῶλεςεν
644 1328 770 1414 (1465),
787 1334 842 1392 ille
855 1334 997 1394 maritum
1013 1334 1128 1395 occidit.
1163 1333 1182 1395 Γ
1184 1338 1327 1398 υναικοῑν
1341 1358 1397 1414 pro

221 1422 382 1497 γυναικῶν
400 1424 529 1483 correxit
542 1423 681 1496 Keckius,
700 1418 799 1496 ἐχθρὰ
817 1443 870 1498 pro
885 1419 1003 1498 ἐχθροῦ
1022 1425 1168 1500 Engerue,
1190 1420 1324 1487 (ταθεῖς’
1342 1447 1397 1502 pro

222 1510 344 1574 ςταθείς
355 1512 535 1587 θολυοίπίαο,
551 1507 693 1586 ἐκνόμως
702 1532 757 1589 pro
768 1507 912 1585 ἐννόμως
923 1512 1092 1574 Triclinius.
1121 1513 1253 1574 Tandem
1264 1511 1399 1588 ὑμνοῦς’

222 1605 289 1664 dedi
314 1603 350 1662 de
373 1621 440 1662 meo
462 1622 515 1679 pre
534 1596 658 1676 ὑμνεῖν,
683 1601 762 1678 quod
784 1621 844 1662 non
866 1601 1017 1678 intelligo,
1041 1605 1072 1662 et
1095 1603 1197 1683 νεκρῷ
1222 1603 1335 1664 inserui
1360 1607 1398 1666 de

221 1692 333 1770 Engeri
352 1692 530 1752 coniectura.

313 1783 406 1841 1590.
435 1777 522 1842 Ξένια
541 1777 576 1839 δὲ
595 1780 690 1841 τοῦδε
711 1777 841 1841 δύςθεος
861 1777 965 1855 πατὴρ

436 1864 590 1948 [Ἀτρεύς
610 1867 781 1945 προθύμως
801 1867 923 1943 μᾶλλον
942 1866 961 1944 ἢ
981 1865 1093 1945 φίλως,
1113 1867 1222 1949 πατρὶ]

319 1988 321 1992 ·
434 1953 544 2038 τώμῷ,
564 1956 740 2035 κρεουργὸν
759 1956 842 2034 ἦμαρ
861 1954 1006 2031 εὐθύμως
1026 1953 1115 2032 ἄγειν

437 2048 550 2123 δοκῶν,
571 2045 708 2123 παρὲςχε
729 2047 822 2108 δαῖτα
842 2043 995 2108 παιδείων
1014 2047 1125 2121 κρεῶν.

311 2140 450 2214 Impense
470 2137 571 2213 miror,
590 2158 679 2214 quem
703 2138 809 2198 inclusi
827 2137 1017 2211 versiculum,
1046 2138 1200 2214 hucusque
1225 2140 1397 2200 criticorum

223 2229 343 2288 obelum
363 2229 513 2304 effugisse.
550 2229 617 2288 Nisi
637 2229 715 2288 enim
733 2247 839 2304 gerrae
859 2230 929 2287 sunt
954 2229 985 2285 et
1002 2246 1101 2303 nugae
1120 2246 1323 2304 quaecumque
1342 2231 1400 2290 cri-

223 2318 275 2378 tici
300 2320 423 2394 erepant
449 2319 485 2377 de
510 2318 647 2378 versibus
666 2337 725 2377 non
744 2313 896 2392 genuinis,
923 2316 1098 2376 hievernus
1123 2317 1242 2392 spurius
1262 2322 1321 2396 est,
1347 2321 1401 2396 qui

225 2426 294 2467 eone
296 2410 341 2466 tet
296 2406 475 2466 tduobua
495 2408 662 2466 manifestis
687 2406 876 2483 glossematis
897 2399 1023 2478 Ἀτρεὺς
1046 2397 1099 2485 (ad
1118 2403 1221 2480 πατήρ
1241 2408 1276 2466 of.
1297 2404 1400 2487 1583)

224 2492 378 2571 αίπατρὶ
411 2488 463 2575 (ad
491 2489 662 2577 τῷμῷ)οί
649 2494 788 2556 trerbia
818 2495 1008 2554 subridiculie
1037 2490 1207 2568 προθύμως
1232 2495 1393 2568 μαλλον
1378 2517 1397 2573 η

224 2581 340 2659 φίλως,
365 2587 400 2644 ut
423 2588 538 2644 taceam
562 2605 668 2661 parum
692 2585 881 2660 eleganter'
873 2603 905 2642 m
934 2582 1049 2642 duobus
1074 2602 1134 2643 rsa.
1158 2585 1306 2695 contiguis
1336 2587 1399 2663 legi

224 2671 418 2748 προθύμως
438 2676 469 2733 et
488 2670 662 2749 εὐθύμως.

314 2763 409 2834 Quam
426 2765 488 2823 vell
489 2783 536 2823 em
555 2785 648 2841 aeque
666 2764 754 2823 facile
769 2763 967 2823 demonstrari
980 2780 1077 2842 posse,
1100 2762 1131 2820 id
1150 2763 1228 2838 quod
1247 2763 1320 2822 mihi
1335 2765 1400 2824 ucri

225 2854 410 2912 simillimum
428 2853 510 2914 videt
497 2857 553 2927 tur,
575 2855 709 2929 spurium
728 2872 793 2912 esse
812 2871 855 2911 va.
873 2853 970 2912 1595:

437 2936 593 3017 ἔθρυπτ’
611 2936 758 3002 ἄνωθεν
778 2936 968 3015 ἄνδρακὰς
987 2938 1203 3015 καθήμενος

224 3051 282 3107 quo
302 3032 426 3106 omisso,
449 3051 536 3093 nemo
555 3034 693 3092 haereret
711 3033 742 3090 in
760 3031 895 3108 reliquia,
921 3031 1020 3106 modo,
1039 3033 1157 3089 mutata
1177 3047 1290 3090 mecum
1309 3030 1401 3090 inter·

223 3121 391 3196 punctione,
411 3123 453 3181 sic
472 3123 637 3182 orationem
656 3123 824 3181 continues:

596 3208 683 3273 ξένια
703 3208 738 3270 δὲ
757 3210 852 3269 τοῦδε
873 3205 1003 3269 δύςθεος
1022 3207 1125 3292 πατὴρ

437 3295 541 3379 τῶμῷ,
561 3296 737 3374 κρεουργὸν
756 3295 839 3374 ἦμαρ
859 3295 1002 3371 εὐθύμως
1021 3292 1110 3370 ἄγειν

438 3389 552 3460 δοκῶν,
571 3386 709 3463 παρέςχε
729 3388 822 3448 δαῖτα
837 3383 996 3447 Ιπαιδείων
1015 3387 1125 3463 κρεῶν,

437 3475 477 3537 τὰ
496 3476 553 3551 μὲν
573 3475 697 3552 ποδήρη
717 3474 768 3537 καὶ
787 3476 892 3551 χερῶν
911 3471 1026 3551 ἄκρους
1046 3474 1158 3537 κτένας

439 3561 545 3642 ἄςημ’·
568 3563 604 3628 Ὁ
624 3561 656 3626 δ)
676 3562 783 3626 αὐτῶν
802 3559 904 3625 αὐτίκ’
924 3559 1039 3643 ἀγνοίᾳ
1058 3563 1167 3640 λαβὼν

439 3652 520 3717 ἔςθει
542 3653 640 3733 βορὰν
660 3650 797 3729 ἄςωτον,
817 3649 861 3714 ῶς
881 3649 970 3733 ὁρᾷς,
990 3652 1084 3725 γε’νει.

316 3746 375 3807 sed
401 3748 578 3823 quicumque
611 3748 698 3807 homo
725 3745 859 3806 curiosus
890 3744 1070 3803 versiculum
1095 3745 1184 3803 illum
1208 3745 1335 3818 addidit,
1366 3750 1401 3806 ut

227 3838 398 3914 explicaret,
418 3855 476 3913 quo
494 3839 581 3911 pacto
595 3836 707 3896 Atreus
723 3830 824 3908 ἄςημα
840 3834 990 3910 Thyestae
1004 3833 1058 3892 filii
1071 3834 1206 3893 membra
1219 3835 1401 3910 praebuerit,

227 3927 325 3985 locum
350 3926 543 3985 vehementer
572 3925 719 3999 turbavit,
750 3943 804 3982 neo
827 3923 979 3999 Tyrrhwit
966 3923 1035 3997 ttio,
1063 3923 1252 4000 Blomfieldo,
1283 3923 1401 4002 Weilio,

228 4015 416 4088 Casaubono,
438 4014 622 4073 Weckleinio
645 4013 822 4073 coniecturis
844 4013 910 4071 suia·
928 4005 1067 4086 ἕκρυπτ,
1095 4006 1239 4092 ἄνευθεν,
1260 4006 1400 4087 ἄπωθεν,

227 4101 423 4206 καθημένοις,
443 4099 640 4177 δατούμενος
659 4104 798 4161 tenebrae
818 4119 940 4177 prorsus
955 4101 1112 4176 dispellere
1133 4102 1323 4178 contigit—
1285 4101 1401 4161 —Cur

225 4195 258 4258 iu
282 4194 435 4254 va.1597
462 4188 506 4253 ὡς
533 4187 609 4272 ὁρᾷς
640 4191 747 4252 Bothio
778 4193 950 4267 suspectum
977 4194 1069 4269 essct,
1097 4193 1181 4251 nulla
1208 4210 1298 4250 causa
1325 4194 1398 4251 erat.

226 4281 353 4340 Viderat
376 4282 454 4340 enim
478 4283 585 4342 chorus
609 4302 664 4358 per
681 4284 809 4342 mortem
828 4281 1072 4357 Agamemnonio,
1098 4299 1187 4356 quam
1207 4274 1328 4340 ἄςωτος
1346 4281 1400 4340 illa

228 4365 307 4447 βορά
325 4370 434 4430 fuisset
452 4371 494 4430 At
481 4372 537 4430 trei
556 4371 666 4448 generi.
