3084 4958
145 144 155 244 Α,
242 171 306 238 152
675 167 710 227 H.
730 186 785 227 vnn
802 167 985 226 Herwerden:

241 345 381 404 accurate
395 343 442 402 est
456 341 620 418 disputatio
634 339 777 402 Lobeekii
790 341 830 401 ao
843 339 1010 401 eineres.
1042 337 1121 402 Looo
1139 341 1240 400 tumen
1259 355 1347 415 quem
1368 337 1430 398 ille
1526 365 1527 368 ¹

241 432 356 493 confert
375 451 411 491 ex
429 429 612 508 Choephoris
632 432 713 492 449:

453 517 640 595 χαίροντα
663 516 868 594 πολύδακρυν
886 513 980 593 γόον,

240 610 292 669 ubi
309 611 437 671 uerbum
456 605 577 684 χαίρειν
592 610 757 670 absurdum
771 611 825 682 est,
845 608 958 668 dudum
972 607 1129 668 Dobreeue
1148 606 1301 667 evidenter
1320 623 1428 664 emen-

240 699 323 760 davit
346 696 493 774 χέουτα.

329 788 394 847 Iam
413 791 449 848 nt
465 792 601 850 reverter
619 789 656 847 ud
675 789 773 847 locum
791 805 881 863 quem
898 803 977 846 nuno
995 786 1105 862 trunto,
1124 785 1167 845 ibi
1186 783 1369 873 scripserim:

455 872 557 937 κλάω
577 875 614 953 μὲ
617 894 635 938 ν
654 871 734 952 ἔργα
752 872 804 936 καὶ
823 869 925 935 πάθοτ
944 872 1039 947 γένοε
1057 890 1092 934 τε
1112 873 1184 934 πᾶν

240 966 339 1025 Aliter
350 966 448 1026 looum
458 968 595 1042 expedire
606 969 730 1026 conatus
741 963 937 1026 estWellius
928 984 960 1023 ιιι
971 982 1025 1023 suu
1038 964 1128 1023 huius
1144 963 1265 1024 fabulae
1279 961 1425 1021 editione.

333 1064 427 1123 1028
451 1057 538 1122 οὔτι(
557 1057 709 1168 μερόπων
728 1056 835 1138 ἀεινῆ
857 1058 965 1139 βίοτον

455 1147 507 1210 διὰ
526 1147 609 1211 πάντ
615 1145 774 1224 ’ἄτιμοε
793 1145 929 1226 ἀμείψει.
1098 1213 1099 1216 ,

330 1240 431 1300 Teneo
450 1241 529 1316 quod
546 1241 689 1317 proposui
707 1240 829 1299 Exere.
848 1241 926 1304 orit.
944 1259 972 1315 p
989 1242 1065 1300 104·

454 1324 540 1389 οὔτιε
557 1324 712 1435 μερόπων
731 1323 860 1404 ἀεινὴε
881 1323 992 1404 βίοτον

454 1414 506 1478 δῖα
524 1414 607 1478 πάντ
614 1412 784 1522 ἀτηρὸν
803 1412 964 1491 ἀμείψει,-

240 1508 277 1568 ol.
293 1507 379 1568 Eum.
395 1509 472 1566 305:
493 1502 622 1582 ἀεινὴε
642 1501 675 1566 δ’
694 1501 796 1566 αἰῶνα
814 1506 956 1579 διοιχνεῖ.

332 1593 447 1654 Chorus
466 1597 561 1656 vitem
578 1597 741 1655 humanam
760 1599 847 1654 vooat
864 1613 976 1654 noxae
994 1594 1144 1668 plenam.

334 1695 427 1753 1047.
451 1692 543 1753 δυοῖν
563 1687 752 1768 δρακόντοιν
772 1688 944 1752 εὐπετώε
964 1687 1069 1765 τεμὼν
1088 1685 1176 1763 κάρα

330 1781 394 1841 Hoc
413 1783 477 1840 loeo
497 1786 528 1842 et
545 1781 652 1858 Agum.
669 1783 732 1841 552

541 1867 636 1932 τὰέ
600 1888 620 1945 μ
638 1887 658 1930 ν
676 1887 722 1930 uc
741 1865 781 1930 ἂν
801 1867 921 1932 λέξειεν
940 1864 1112 1928 εὐπετιῖε
1137 1861 1223 1940 ἔχειν

542 1953 634 2019 τὰδ’
652 1954 754 2019 αὖτε·
749 1954 982 2033 κάπίμομφα.

242 2046 434 2108 manifestum
467 2050 514 2107 est
543 2047 727 2122 Aeschylum
759 2047 900 2108 erlverbio
928 2042 1077 2106 εὐπετιῖιε
1098 2045 1242 2106 tribuisse
1268 2047 1423 2106 notionem

241 2137 379 2197 vocabuli
393 2132 577 2212 εὐτυχώε,
592 2134 1235 2238 quamobservationeminlexioisdeeidero.
1262 2133 1423 2194 Caeterum

243 2226 274 2284 id
300 2245 387 2286 nemo
414 2226 588 2302 mirabitur,
617 2225 668 2300 qui
695 2225 882 2328 reputaverit
907 2220 1041 2298 εὐπετήε
1067 2226 1098 2283 et
1122 2209 1251 2300 cognatu
1275 2225 1422 2284 vocabule

241 2315 331 2375 dueta
361 2333 427 2374 esse
456 2309 522 2375 ἀπὸ
552 2315 611 2374 τοῦ
641 2309 677 2374 εὖ
705 2309 844 2396 πίπτειν,
875 2313 954 2389 quod
978 2313 1098 2389 proprie
1123 2313 1161 2371 de
1181 2313 1265 2373 felioi
1289 2314 1423 2372 talorum

241 2403 289 2464 ῖαυ
282 2407 324 2463 tu
343 2404 401 2464 diei
419 2406 543 2464 constet.

454 2486 517 2553 Ἀεὶ
535 2488 596 2566 γὰρ
616 2487 652 2552 εὖ
671 2488 840 2558 πίπτουειν
859 2485 890 2549 oi
909 2485 990 2550 Διὸ(
1008 2485 1106 2565 κύβοι.

334 2591 429 2650 1052.
451 2584 531 2664 ίτχε,
551 2587 591 2664 μὴ
612 2584 719 2665 φόβου
738 2589 815 2649 νικῶ
834 2585 941 2649 πολύ.

331 2679 435 2754 Longe
458 2679 561 2738 malim
584 2673 682 2754 λίαν,
705 2679 827 2751 nimis,
850 2697 905 2754 pro
928 2696 987 2754 quo
1005 2676 1080 2735 illud
1100 2695 1118 2734 a
1137 2677 1303 2753 glossatore
1322 2677 1426 2751 potuit

228 2768 399 2828 substitui.
433 2768 615 2844 Hesychius:
635 2763 734 2828 λίαν·
754 2763 892 2844 εφόδρα,
913 2761 1024 2840 πολύ,
1043 2760 1141 2840 πάνυ,
1161 2758 1257 2839 ἄγαν,
1277 2760 1423 2840 ἰεχυρῶε.

244 2855 276 2916 0.
291 2857 328 2916 A.
343 2855 387 2915 Of.
403 2856 490 2920 Dind.
493 2848 591 2916 Add.
605 2877 633 2933 p.
648 2857 757 2917 43οΒ.

685 3039 740 3094 Ad
761 3035 978 3094 Eumenides.

333 3184 386 3244 Ve.
406 3186 434 3244 6.
458 3179 584 3245 Τιτανὶε
604 3177 685 3259 ἄλλη
705 3185 780 3244 παῖε
800 3181 917 3257 χθονόε
937 3182 1086 3259 καθέζετο

456 3268 571 3347 Φοίβη·
591 3269 698 3332 δίδωτι
718 3267 788 3348 δ’ίλ
812 3271 979 3345 γενέθλιον
999 3268 1087 3334 δόειν

456 3357 579 3440 Φοίβῳ·
598 3357 640 3420 τό
659 3357 777 3436 Φοίβη(
797 3355 829 3421 δ>
848 3356 944 3436 ὄνομ’
962 3357 1029 3435 ἔχει
1047 3359 1250 3437 παρώνυμον.

333 3450 409 3520 Quin
427 3443 530 3524 ὄνομα
548 3446 744 3524 παρώνυμον
763 3453 810 3514 est
827 3470 952 3512 nomen
972 3451 1117 3511 ductum
1134 3453 1177 3511 eb
1196 3451 1269 3511 alio
1292 3451 1421 3528 nomine,

244 3559 299 3600 neo
308 3535 505 3613 παρώνυμον
514 3540 599 3616 iungi
608 3542 708 3615 potest
717 3559 783 3598 oum
794 3536 920 3615 Φοίβητ,
935 3541 1044 3616 quippe
1055 3541 1153 3616 posito
1167 3542 1246 3600 inter
1260 3540 1422 3600 articulum

247 3633 277 3688 et
295 3629 377 3688 aliud
397 3628 629 3702 substantivum,
652 3632 768 3688 eertum
787 3629 918 3689 arbitror
935 3632 1056 3712 poetam
1075 3630 1205 3690 dedisse:

456 3713 578 3797 Φοίβῳ·
598 3712 654 3776 ’πὸ
674 3713 793 3793 Φοίβη(
812 3711 845 3776 δ’
864 3711 959 3791 ὄνομ’
978 3712 1044 3791 ἔχει
1062 3713 1272 3793 παρώνυμον,

243 3807 274 3866 in
298 3825 356 3883 quo
381 3797 533 3866 ποταμοῖο
552 3807 662 3882 scripto
681 3825 753 3866 eave
770 3807 878 3882 iunges
896 3801 1093 3881 παρώνυμον
1112 3802 1177 3867 ἀπὸ
1196 3802 1327 3883 Φοίβηε,
1350 3808 1422 3883 quin

245 3891 441 3971 παρώνυμον
460 3897 541 3972 regit
559 3896 746 3973 genetivum,
765 3896 817 3954 sed
835 3896 938 3972 iunge:
958 3889 1022 3956 ἀπὸ
1042 3892 1162 3973 Φοίβη(
1180 3889 1213 3955 δ’
1232 3890 1297 3970 ἔχει
1316 3889 1420 3971 ὄνομα
1528 3951 1529 3972 ,

244 3981 448 4058 παρώνυμον.
481 3985 626 4044 Similiter
642 4003 687 4044 vs.
702 3985 770 4045 3tio
790 4004 857 4044 oum
875 3983 941 4044 eliis
960 3986 1077 4045 mnlinr:

367 4084 369 4088 ’
456 4073 475 4150 ἣ
496 4071 534 4148 δὴ
555 4067 612 4132 'uo
631 4069 748 4149 μητρόε
767 4069 901 4148 δεύτερα
918 4067 991 4133 τόδ’
1010 4070 1099 4137 ἕζετο
1207 4113 1215 4124 ·

336 4221 339 4226 .
457 4163 609 4238 μαντεῖον

242 4246 1057 4328 promipuroet,lieetibifortesseresnonaequeoerte
1066 4254 1114 4313 sit.
1132 4253 1420 4312 Librariosvoeulne

236 4333 309 4406 Ιόιπό
328 4358 478 4415 upooopen
496 4341 670 4418 ignorantes
688 4361 743 4416 pro
762 4357 805 4400 πο
824 4342 934 4417 legisse
953 4357 990 4400 το
1009 4360 1068 4401 non
1088 4345 1134 4401 est
1152 4341 1232 4416 quod
1247 4341 1375 4400 mireris.
