3084 4958
669 181 704 238 H.
723 199 778 238 van
796 181 983 237 Harwerdeu:

452 344 503 423 ,τί
523 347 561 424 δὴ
580 345 706 410 πύλαιει
725 345 783 409 τὸν
802 344 909 424 ἱκέτην
928 343 1110 424 ἀπείργετε,

451 432 594 510 Αἴγιεθοε
614 433 703 514 εἴπερ
724 427 830 498 οῖδεν
849 432 986 512 ἔνδημο(
1004 433 1156 512 παρών;“

328 526 462 585 Verbum
477 522 653 589 ἐπεικάζειν
667 546 831 606 numquam
844 526 927 586 aliud
945 527 1094 603 signifieat
1110 545 1198 602 quam
1220 528 1419 602 suspicari,
1518 585 1519 594 ,

238 615 414 688 conicere,
438 635 492 676 nec
514 617 585 691 poni
607 620 707 692 potest
728 636 782 692 pro
807 610 1017 690 αἰεθὰνεεθαι,
1042 635 1132 691 quem
1150 615 1301 676 notionem
1321 617 1350 674 ei
1368 618 1419 676 hic

239 704 454 780 impertiuntm·
467 705 657 780 interpretes,
687 705 851 781 Propterea
864 705 996 765 nondum
1010 725 1058 765 me
1076 706 1211 781 poenitet
1228 706 1419 765 coniecturae

240 793 311 852 olim
330 794 516 870 propositae:

766 877 844 942 ὥετ’
862 878 1099 944 ἐποικτίζειν
1118 877 1200 957 τινὰ,

238 973 279 1030 ut
307 990 370 1030 nos
410 972 683 1032 comm'iseretur·
719 972 853 1047 aliquis
898 972 1221 1048 praetereuntium.
1279 970 1418 1048 Cogitari

238 1079 355 1137 quoque
382 1064 486 1136 posset
513 1062 549 1120 de
578 1063 747 1138 reponendo
778 1057 1005 1136 ἐπιεκύζειν,
1032 1081 1071 1121 sc.
1096 1061 1163 1120 τοῖε
1188 1062 1358 1136 θυρωροῖε,
1390 1064 1416 1120 si

239 1149 275 1208 de
299 1150 396 1220 activa
419 1151 508 1210 huius
529 1151 612 1211 verbi
631 1151 728 1210 forma
745 1151 856 1210 certius
872 1154 1031 1210 constaret.

329 1237 476 1297 Ultimum
504 1259 605 1315 quem.
620 1240 763 1315 adscripsi
791 1258 911 1300 versum
936 1239 1106 1298 Dindorfius
1136 1241 1215 1299 ultro
1242 1258 1290 1297 me
1317 1240 1416 1299 iudice

240 1327 373 1403 corrupit
385 1347 439 1403 pro
455 1329 554 1388 verbis
569 1330 735 1389 sanissimis
750 1322 885 1402 ἔνδημοε
900 1324 1014 1402 παρὼν
1033 1347 1179 1405 reponens
1198 1322 1334 1402 έκδημόε
1352 1345 1415 1402 περ

239 1410 294 1475 ὤν.
334 1415 392 1476 Sed
411 1417 469 1478 elio
488 1418 562 1479 vitio
581 1437 686 1478 versus
705 1420 830 1478 laboret.
861 1417 930 1477 Nisi
949 1417 1027 1476 enim
1046 1418 1168 1494 egregie
1186 1418 1287 1492 fallor,
1307 1420 1415 1492 poetae

240 1505 325 1564 reddi
344 1508 475 1582 oportet:
760 1555 763 1564 .

452 1591 489 1654 Τῖ
508 1593 547 1670 δὴ
567 1591 692 1655 πύλαιει
710 1591 768 1656 τὸν
787 1589 893 1670 ἱκέτην
908 1589 1092 1670 ἀπεῖργετε,

452 1679 596 1756 Αἴγιεθοε
616 1679 705 1759 εἴπερ
725 1679 851 1759 ἔνδον,
871 1679 1007 1759 ἔνδημα(
1027 1680 1153 1758 παρών;

239 1771 259 1830 i.
274 1790 299 1832 e.
318 1772 496 1848 siquidem
510 1774 725 1850 Aegisthus,
745 1775 796 1851 qui
811 1777 891 1834 certe
905 1793 965 1833 non
978 1792 1104 1849 peregre
1118 1773 1269 1850 proiectus
1285 1776 1340 1848 est,
1359 1777 1416 1834 est

238 1861 348 1921 intus.
388 1862 491 1921 Verbe
514 1863 593 1922 enim
616 1858 752 1938 ἔνδημοε
775 1858 889 1937 παρών
908 1863 996 1922 homo
1015 1862 1099 1922 addit
1117 1864 1155 1922 ad
1174 1862 1414 1939 significandum,
1520 1893 1521 1934 3

238 1967 292 2008 our
309 1948 490 2026 Aegisthum
512 1949 592 2012 domi
610 1971 675 2012 esse
695 1952 870 2029 suspicetur.
908 1951 1042 2026 Vulgata
1059 1952 1147 2011 lectio
1167 1944 1255 2010 οἶδεν
1274 1951 1318 2010 ite
1337 1953 1416 2010 solet

238 2039 387 2114 explicari,
406 2041 492 2116 qnasi
510 2041 795 2117 subintelligendum
824 2041 864 2100 sit
881 2036 939 2100 τὸν
957 2035 1063 2115 ἱκέτην
1083 2034 1243 2115 παρόντα,
1267 2044 1300 2100 at
1317 2060 1416 2117 neque
1520 2075 1521 2080 κ

237 2128 301 2187 ulla
325 2129 439 2188 homini
464 2148 554 2189 cause
579 2133 658 2204 erat,
683 2149 736 2190 cur
761 2130 792 2189 id
818 2130 1021 2205 suspicaretur
1047 2121 1151 2209 (εἴπερ
1176 2132 1278 2189 cutem
1300 2129 1415 2188 indicat
1520 2169 1521 2214 ,

237 2211 486 2299 persuasionem),
504 2238 601 2295 neque
619 2218 794 2296 Aegisthus,
812 2219 990 2279 insidiarum
1008 2221 1154 2292 metuens,
1173 2218 1307 2293 hospites
1326 2219 1416 2278 facile

237 2307 393 2366 admisisse
402 2308 530 2380 videtur,
545 2308 589 2367 ite
602 2312 637 2366 ut
650 2327 756 2383 pamm
770 2307 925 2384 probabile
941 2309 981 2366 sit
994 2308 1073 2367 hunc
1086 2307 1264 2369 ianitoribus
1275 2306 1416 2366 Orestem

238 2395 465 2456 excludentibus
484 2398 677 2456 irasciturum
695 2397 797 2458 fuisse.

330 2486 404 2545 571.
449 2479 477 2544 εἰ
497 2478 530 2544 δ’
548 2481 607 2545 οὖν
625 2479 751 2558 ἀμείψω
773 2481 872 2560 βαλὸν
891 2479 1023 2560 ἑρκείων
1040 2484 1154 2546 πυλῶν

449 2567 597 2635 κάκεῖνον
616 2569 652 2634 ἐν
670 2568 830 2648 θρόνοιειν
850 2569 971 2650 εὑρήεω
989 2571 1125 2649 πατρὸς,

448 2661 467 2738 ἢ
488 2659 538 2722 καὶ
557 2659 667 2737 μολὼν
686 2657 797 2723 ἔπειτά
816 2679 868 2738 μοι
888 2659 984 2723 κατὰ
1003 2658 1101 2738 ετόμα

450 2749 543 2826 ἐρεῖ,
563 2746 643 2827 (ἀφ’
659 2746 732 2826 icor,
753 2749 803 2812 καὶ
822 2746 905 2812 κατ’
923 2747 1112 2826 ὀφθαλμοὺς
1133 2751 1238 2827 βαλεῖ,

449 2837 524 2915 πρὶν
543 2837 642 2901 αὐτὸν
661 2836 764 2901 εἰπεῖν
783 2837 959 2916 ,ποδαπὸε
977 2835 996 2900 δ
1015 2839 1145 2912 ξένοε;“
1163 2837 1279 2916 νεκρὸν

451 2927 549 3005 θήεω,
569 2924 633 2990 κτὲ.

324 3017 392 3077 Non
425 3015 537 3077 sufficit
562 3018 760 3094 Bambergeri
793 3019 935 3078 correctio
969 3013 1051 3094 ἀρεῖ,
1084 3039 1174 3095 quem
1205 3019 1270 3078 iure
1299 3018 1415 3094 recepit
1520 3009 1521 3020 ¹

237 3106 422 3180 Dindorfius,
443 3108 495 3167 sed
515 3107 604 3168 simul
622 3108 794 3184 legendum:

924 3191 986 3257 διὰ
1010 3191 1109 3271 ετόμα

449 3277 546 3360 ἀρεῖ,
566 3283 630 3344 κτλ.

234 3374 254 3434 i.
262 3393 286 3434 e.
296 3372 399 3448 διαρεῖ
408 3370 446 3432 τὸ
457 3369 562 3450 ετόμα,
575 3375 653 3451 qnod
664 3375 735 3451 quid
746 3375 786 3435 sit
795 3394 882 3435 nemo
893 3376 951 3434 erit
960 3376 1118 3435 docendus.
1137 3374 1322 3449 Praepositio
1333 3369 1414 3434 κατά

235 3463 313 3523 male
333 3464 464 3538 repetita
479 3467 525 3524 est
539 3483 555 3522 e
570 3483 658 3524 versu
674 3465 818 3539 sequenti.
850 3465 906 3524 His
927 3465 1045 3540 scriptis
1070 3463 1155 3524 video
1175 3463 1414 3522 Schoemannum

234 3552 360 3611 Annal.
379 3573 408 3629 p.
426 3555 464 3613 18
486 3572 529 3629 sq.
548 3553 692 3629 suspicari
711 3548 852 3614 ἔναντα
871 3572 925 3628 pro
944 3549 1086 3627 ἔπειτα,
1114 3556 1179 3613 tum
1197 3548 1413 3628 κακόετομα

236 3635 304 3715 ἐρεῖ
323 3644 353 3700 et
371 3635 454 3701 κάκ’
472 3637 653 3716 ὀφθαλμοῖο
674 3639 772 3717 βαλεῖ.

325 3732 399 3790 581.
423 3725 495 3804 ὑμῖν
515 3724 548 3790 δ’
567 3727 689 3791 ἐπαινῶ
708 3729 853 3803 γλῶτταν
873 3724 1019 3805 εὔφημον
1039 3727 1183 3806 φέρειν.

224 3893 226 3896 ¹
325 3817 473 3878 Graecum
498 3819 598 3879 estin
622 3839 712 3879 eare
736 3819 889 3895 φορεῖν,
914 3823 949 3879 ut
972 3839 1100 3897 gerere
1130 3819 1412 3895 latinedicas,non
1520 3863 1521 3906 3

233 3909 338 3969 ferre.
377 3906 555 3983 Saepissime
569 3927 587 3968 a
601 3908 730 3968 librariis
750 3911 910 3985 utrumque
930 3909 1055 3969 verbum
1074 3909 1276 3984 confunditur,
1295 3901 1355 3985 q'uc
1373 3911 1410 3969 de
1520 3969 1521 3974 ,

233 4016 266 4056 re
289 3997 348 4057 vid.
368 3995 499 4057 Cebetas
523 3997 631 4057 Mnem.
652 3996 695 4055 IX
718 4018 746 4074 p.
768 3999 840 4057 116.
879 3998 993 4057 Eodem
1020 3997 1108 4056 modo
1136 3998 1304 4076 corrigatur
1327 4001 1410 4058 locus

237 4086 422 4163 Aeschyleus
443 4085 544 4163 Suppl.
561 4088 637 4156 994.Ι
665 4085 744 4145 Nem
764 4086 938 4163 Septem,
956 4086 1010 4146 ubi
1028 4087 1139 4163 optime
1158 4087 1295 4147 haberet:

447 4172 585 4250 γέροντα
603 4172 661 4237 τὸν
680 4175 759 4238 νοῦν
779 4170 876 4250 εάρκα
895 4169 929 4234 δ’
946 4172 1074 4252 ἡβῶεαν
1093 4176 1210 4251 φορεῖ

233 4263 321 4324 lectio
336 4261 429 4339 φέρει
443 4263 475 4324 in
489 4265 619 4326 Mediceo
635 4266 696 4326 cod.
711 4285 802 4326 mann
815 4265 1020 4326 recentissima
1034 4265 1236 4340 superscripta
1254 4269 1301 4325 est
1314 4267 1411 4327 veteri

237 4353 357 4413 lectioni
389 4349 511 4430 φύεει,
543 4355 621 4414 unde
647 4354 847 4414 eWeilaueri
874 4355 1044 4416 coniectura
1070 4353 1158 4412 hodie
1185 4359 1339 4431 receptum
1364 4359 1412 4415 est
1520 4385 1521 4440 ;
