3084 4958
224 221 287 288 138
653 221 687 276 Η.
706 238 760 276 ven
778 220 961 278 Herwerdenr

221 408 282 465 que
299 393 418 466 recepta
442 389 523 448 aliud
546 389 696 466 egendum
714 392 860 466 superesi,
880 388 1025 464 siquidem
1045 406 1104 447 ιιοιι
1118 387 1191 448 setis
1205 385 1394 462 intelligitur,

212 485 282 554 'quo
300 478 457 538 referende
476 479 536 538 sini
554 478 699 538 vocabule
717 475 755 537 τὸ
776 475 841 552 μὲν.
883 477 946 538 Nee
965 477 1114 554 corrigere
1135 477 1298 536 suffecerit:
1326 469 1395 554 κᾷθ’

222 563 318 640 ὁμὲν
341 563 405 642 πρὸ
429 559 601 642 χρημάτων
625 561 758 641 κτηςίων
782 561 889 641 ὄκνος,
913 566 984 642 quie
1007 586 1097 642 aegre
1121 585 1254 626 cei-emus
1279 565 1394 625 obiecto

222 657 306 717 verbi
327 651 442 731 βαλών.
481 656 558 715 Hine
576 656 650 715 mihi
668 656 799 718 venitin
818 659 961 715 mentem:

434 740 527 822 κᾷτα
547 741 677 819 μέντοι
697 739 866 820 χρημάτων

434 829 567 908 κτηςίων
587 828 703 906 ὄγκον
724 829 832 910 βαλὼν
851 827 904 912 (se.
924 828 943 892 δ
962 826 1057 909 ἀνὴρ)

435 917 615 998 ςφενδόνας
634 917 693 982 ἀπ’
712 918 878 998 εὐμέτρου,

435 1007 495 1072 οὐκ
513 1007 659 1072 ἐπόντιςε
679 1007 812 1089 ςκάφος,

436 1095 510 1161 οὐδ’
529 1096 584 1160 έδα
603 1097 732 1177 πρόπας
750 1097 849 1176 δόμος

435 1189 581 1264 πημονᾶς
599 1189 706 1265 γέμων
725 1185 818 1264 ἄγαν.

314 1281 407 1338 1017.
439 1274 545 1340 πολλά
569 1297 618 1340 τοι
637 1276 722 1340 δόςις
741 1277 777 1341 ἐκ
795 1276 876 1340 Διὸς
894 1273 1082 1356 ἀμφιλαφής
1100 1295 1135 1340 τε
1154 1276 1206 1339 καὶ
1224 1277 1256 1342 ἐξ
1276 1275 1396 1342 ἁλίκων

1180 1365 1328 1431 ἐπετειᾶν

436 1459 542 1534 νῆςτιν
561 1453 707 1519 ῶλεςεν
726 1453 830 1518 νόςον.

311 1545 880 1627 ιιοοωιικωιιωηωιἤιαεεν.
910 1547 975 1606 να.
990 1547 1161 1609 Dinsorfius
1175 1547 1397 1608 inserendis
1519 1531 1520 1548 ¹

224 1636 267 1696 sd
286 1638 428 1698 lexicon
446 1639 687 1714 Aeschyleum
705 1657 774 1714 pag.
793 1636 905 1698 42913.

282 1802 286 1812 1
315 1728 469 1804 1025sqq.
543 1722 624 1786 εἰδὲ
644 1724 683 1801 μὴ
703 1724 885 1801 τεταγμένα

544 1816 657 1890 μοῖρα
676 1816 813 1890 μοῖραν
832 1812 868 1876 ἐκ
886 1815 970 1877 θεῶν

545 1899 630 1979 είργε
650 1903 689 1979 μὴ
710 1903 829 1966 πλέον
848 1902 973 1980 φέρειν,

544 1989 755 2069 προφθάςαςα
774 1990 909 2068 καρδία

543 2081 718 2155 γλῶςςαν
738 2079 782 2144 ἂν
800 2077 882 2143 τάδ’
901 2079 1009 2156 ἐξέχει.

314 2171 489 2248 scripserim
508 2172 562 2232 sis:
596 2193 604 2206 ·
937 2193 942 2204 ·

544 2256 572 2322 εἰ
591 2257 627 2320 δὲ
647 2260 687 2338 μὴ
706 2260 883 2339 τεταγμένα

545 2346 658 2425 μοῖρά
677 2369 738 2425 μοι
757 2370 812 2413 τις
831 2349 866 2413 ἐκ
886 2353 969 2415 θεῶν

544 2433 630 2514 εἶργε
651 2438 690 2515 μὴ
711 2439 813 2502 πλέω
833 2439 982 2517 φέρειν,

544 2525 757 2603 προφθάςαςα
776 2526 934 2605 καρδίαν

545 2615 693 2690 γλῶςςα
712 2613 823 2680 πάντ’
842 2615 886 2680 ἂν
905 2617 1014 2694 ἐξέχει.

228 2710 307 2779 Quos
323 2709 443 2768 uliimos
459 2707 621 2769 versiculos
636 2727 703 2767 cum
719 2707 882 2777 Schuetzio,
898 2711 1007 2770 solleio
1015 2708 1147 2770 Isocrate
1157 2710 1195 2769 ed
1205 2710 1398 2770 Demonicum
1501 2745 1508 2762 ·

228 2799 307 2876 §41
338 2795 473 2858 πολλοῖς
500 2793 563 2871 γὰρ
587 2793 607 2873 ἡ
632 2796 760 2870 γλῶττα
788 2796 957 2873 προτρέχει
984 2798 1040 2873 τῆς
1069 2794 1219 2859 διανοίας.
1265 2800 1399 2859 Verbum

226 2886 338 2964 φέρειν
352 2887 484 2964 positum
498 2890 553 2962 est,
571 2890 606 2946 ut
620 2905 708 2961 saepe
722 2888 801 2962 apud
817 2888 956 2963 tragicos,
974 2889 1168 2948 nuntiandi
1186 2907 1284 2963 sensu,
1302 2907 1398 2964 neque

226 2978 320 3054 igitur
338 2978 411 3037 setis
430 2995 536 3036 causae
550 2979 622 3051 erat,
643 2977 740 3035 curin
755 2975 880 3036 Oomm.
899 2976 1011 3037 Amst.
1028 2977 1059 3036 id
1073 2980 1221 3037 mutarem
1235 2978 1266 3036 in
1281 2977 1398 3051 θροεῖν,

227 3065 285 3125 Sed
302 3065 466 3142 requiritur
484 3061 573 3125 πλέω
593 3084 647 3140 pro
662 3062 775 3140 πλέον,
795 3066 865 3142 quie
883 3064 984 3127 πλέον
1004 3063 1116 3141 φέρειν
1137 3067 1197 3126 elio
1211 3085 1300 3126 sensu
1315 3084 1399 3125 usur-

226 3155 291 3229 pari
310 3155 429 3216 essolet.

318 3245 411 3304 1050.
440 3235 515 3303 ἀλλ’
535 3233 625 3315 εἴπερ
644 3239 708 3302 ἑςτλ
726 3241 765 3319 μὴ
787 3238 953 3316 χελιδόνος
972 3239 1061 3317 δίκην

440 3326 570 3404 ἀγνῶτα
588 3330 703 3407 φωνὴν
725 3328 885 3409 βάρβαρον
904 3330 1083 3408 κεκτημένη,

440 3416 514 3482 είςω
533 3421 670 3496 φρονεῖν
690 3419 857 3495 λέγοοςα
875 3417 994 3482 πείθω
1013 3438 1072 3482 νιν
1092 3415 1188 3500 λόγῳ.

316 3510 487 3572 Dindorfius
507 3513 632 3570 annotat
649 3510 822 3587 „Sententia
840 3511 982 3587 postulat,
1000 3512 1108 3571 collato
1127 3529 1169 3570 vs
1192 3511 1290 3570 1060:

441 3594 515 3659 εἴςω
534 3599 665 3674 φρενῶν
684 3600 838 3662 ξυνεῑςα
857 3597 1007 3661 δέξεται
1027 3594 1145 3672 λόγον

228 3691 277 3750 vel
300 3686 450 3763 sitiones,
475 3690 523 3749 vel
542 3683 657 3748 ἑκοῦςοι
680 3688 744 3749 κτλ.
753 3688 768 3715 “
809 3689 851 3748 At
872 3689 1001 3747 immane
1025 3691 1171 3764 quantum
1194 3687 1342 3763 discrepat
1366 3705 1400 3746 ee

227 3780 317 3839 lectio
340 3799 359 3838 a
382 3778 489 3839 codicis
513 3779 675 3854 scripture,
698 3781 729 3838 et
746 3796 861 3856 versus,
884 3777 922 3836 ad
945 3797 1034 3853 quem
1056 3776 1228 3837 Dindorfius
1251 3779 1401 3851 provocet,

226 3870 327 3944 potius
353 3871 530 3945 argumento
554 3870 600 3926 est
622 3872 742 3943 poetam
764 3868 795 3925 in
817 3869 880 3927 tam
905 3867 1002 3928 visino
1021 3886 1110 3928 versu
1128 3867 1216 3926 aliter
1234 3865 1398 3941 scripsisse.

227 3959 302 4016 Mihi
319 3957 439 4034 quidem
458 3957 531 4015 seiis
549 3956 693 4032 placeret:

441 4039 514 4105 είςω
534 4043 666 4119 φρενῶν
686 4043 852 4119 λαβοῦςα
870 4036 1032 4104 πάθοιτ’
1051 4039 1095 4104 ἂν
1115 4038 1211 4122 λόγῳ.

228 4137 247 4195 i.
267 4155 291 4194 e.
312 4129 384 4195 είςω
408 4134 540 4210 φρενῶν
564 4131 704 4208 λαβοῦςα
726 4130 784 4194 τὸν
804 4128 916 4206 λόγον,
940 4125 1076 4193 πάθοιτ’
1100 4128 1139 4192 ἂν
1159 4128 1253 4211 αὐτῷ.
1298 4131 1400 4191 Possis

228 4244 346 4300 quoque
366 4220 553 4303 πείςεται,
572 4224 624 4283 sed
642 4222 695 4282 ille
712 4223 840 4283 mutatio
858 4222 953 4282 lenior
972 4225 1026 4282 est.

320 4315 413 4372 1136.
442 4308 480 4371 ἰῶ
500 4309 537 4372 ἰῶ
557 4308 709 4372 ταλαίνας
727 4307 923 4385 κακόποτμοι
940 4307 1045 4384 τύχαι·

416 4387 479 4459 ’τὸ
498 4398 560 4474 γὰρ
579 4398 657 4475 ἐμὸν
676 4395 776 4478 θρόιρ
796 4395 898 4460 πάθος
916 4394 1145 4472 ἐπεγχέαςα·
