3084 4958
525 210 743 268 Emendationes
761 211 941 282 Aeschyleae.
1257 209 1321 274 149

143 369 241 455 φύει.
287 379 400 439 Dubito
424 382 534 439 tamen·
549 399 620 439 num
639 379 728 440 recte.
770 379 891 440 Etenim
909 375 1005 453 φύειν
1024 373 1145 452 τρίχας,
1170 372 1322 452 πώγωνα,

128 467 254 544 πτέρο,
266 468 375 528 similia
385 469 535 528 constanti
544 488 601 529 usu
611 469 750 529 dicuntur
759 468 789 543 ii,
799 469 908 543 quibus
923 468 1027 542 crines,
1042 469 1141 527 cetera
1159 485 1323 526 crescere

142 558 340 635 incipiunt,
359 578 419 618 non
433 558 469 617 de
483 558 520 618 iis
535 558 643 634 quibus
658 559 718 616 iam
733 559 900 632 creverunt,
919 559 962 617 ita
977 561 1011 617 nt
1029 556 1158 632 permire
1176 575 1230 615 nec
1249 555 1323 614 satis

142 647 305 706 honorifice
318 647 521 723 Amphiaraus
539 648 627 707 homo
646 647 707 706 iam
727 646 825 706 senior
844 647 992 706 diceretur
1010 643 1149 719 γέροντα
1167 641 1225 704 τὸν
1243 644 1323 704 νοῦν
1431 661 1435 667 ·

145 720 295 810 ceouo'o’
314 733 440 812 ἡραςαν
460 732 563 810 φύειν,
583 740 614 796 a
632 737 832 796 necessarium
845 735 888 794 ιιι
906 754 1023 811 quoque
1042 735 1180 796 viceour
1199 733 1321 809 φορεῖ.

143 826 250 901 Neque
275 826 353 884 enim
377 825 493 899 φορεῖν
517 826 723 886 tantummodo
747 826 805 901 „de
830 825 966 884 omnibus
985 824 1122 900 partibus
1142 823 1273 898 corporis
1293 825 1324 881 et

145 915 181 973 de
211 915 342 990 corporis
367 915 450 973 c'ultu
472 917 639 991 ornatuque
661 913 772 974 dicitur
796 906 902 996 (verba
922 917 992 973 sunt
1011 912 1116 971 Oobeti
1139 913 1158 970 l.
1175 904 1239 991 l.)“‚
1269 912 1321 970 sed

29 1045 34 1054 ·
146 1003 237 1063 etiam
256 1003 409 1063 translate
422 1005 459 1062 de
477 1007 578 1063 mente
598 1008 629 1063 et
646 1003 757 1077 indole,
778 1006 813 1062 ut
830 1023 857 1063 v.
873 1022 896 1062 e.
912 1002 1001 1078 Soph.
1013 1002 1086 1061 not.
1103 1003 1180 1061 705:

358 1090 398 1168 μή
418 1108 477 1152 νυν
496 1090 533 1152 ἓν
551 1089 628 1168 ἦθος
649 1092 770 1167 μοῦνον
789 1087 825 1151 ἐν
845 1093 949 1172 ςαυτῶ
969 1086 1091 1165 φόρει.

234 1180 332 1250 Quare
344 1180 474 1242 nondum
488 1201 536 1241 me
550 1182 684 1258 poenitet
694 1181 889 1255 coniecturae,
899 1181 969 1241 Ant.
983 1183 1066 1240 1089
1079 1199 1121 1255 sq.
1147 1178 1322 1254 Sophoclem

147 1289 313 1344 scrrpsusso:

243 1355 294 1418 καὶ
312 1359 381 1438 γνῷ
400 1355 533 1433 τρέφειν
551 1357 610 1434 τὴν
628 1358 775 1431 γλῶςςαν
793 1355 1003 1433 ἡςυχαιτέραν

244 1443 303 1506 τὸν
323 1448 401 1508 νοῦν
420 1441 452 1507 τ’
471 1442 590 1522 ἀμείνω
608 1448 675 1509 τῶν
694 1447 826 1524 φρενῶν
846 1442 893 1508 ὧν
913 1442 946 1527 (f.
962 1440 1016 1528 οὗ)
1034 1445 1093 1509 νῦν
1112 1446 1229 1520 φορεῖ

143 1555 199 1612 pro
219 1532 319 1610 φέρει.

234 1627 307 1685 594.
331 1619 509 1702 φρόνημα
540 1621 587 1687 τίς
619 1624 716 1700 λέγοι.
758 1628 858 1703 Aegre
890 1645 975 1686 careo
1004 1625 1152 1701 particula
1179 1617 1227 1683 dv.
1274 1624 1323 1682 Au

145 1709 285 1790 φρόνιν
308 1709 354 1774 τίς
374 1708 446 1797 (ἀν)
466 1713 576 1787 λέγοιέ
609 1715 639 1778 ῶ.
654 1715 691 1776 Α.

234 1805 308 1864 599.
354 1799 507 1877 ςυζίιγους
527 1798 560 1864 δ’
579 1799 732 1879 ὁμαυλίας

356 1888 553 1968 θηλυκράτης
572 1888 746 1969 ἀπερωπὸς
766 1887 848 1967 έρως
867 1893 1026 1972 παρανικᾷ

357 1977 533 2042 κνωδάλων
551 1999 586 2043 τε
605 1980 656 2042 καὶ
676 1982 831 2059 βροτῶν.

232 2069 297 2128 imo
323 2089 405 2130 vero:
429 2066 606 2132 κνωδάλων
629 2089 664 2132 τε
688 2068 738 2132 καὶ
763 2071 899 2148 βοτῶν,
922 2073 940 2130 i.
956 2092 980 2132 e.
995 2072 1183 2130 beluarum
1206 2090 1244 2130 ac
1263 2090 1323 2147 pe-

144 2159 280 2217 cudum.
303 2155 472 2238 Παρανικᾷ
483 2161 632 2237 intelligo:
648 2163 738 2220 male
752 2161 873 2222 vincit.
902 2160 1068 2220 Sententia:
1083 2159 1190 2219 Amor
1204 2163 1322 2220 autem

143 2247 216 2305 iste
244 2247 303 2322 qui
331 2249 447 2307 omnia
475 2249 703 2324 vilipendeus
732 2242 954 2329 (decoloraret,
983 2245 1215 2325 ἀπερίβλεπτος
1242 2254 1322 2310 recte

146 2336 274 2410 explicat
305 2329 477 2410 ἀπερωπό(
511 2338 698 2414 Phrynichus
730 2339 824 2400 Bekk.
847 2360 875 2415 p.
900 2341 932 2414 8,
968 2341 1000 2415 8;
1035 2338 1209 2398 Germanice
1241 2340 1322 2399 dicas

144 2423 432 2502 rflcksichtslos)
456 2427 647 2486 mulierum
669 2428 880 2504 pectoribus
906 2429 1073 2505 imperat,
1097 2429 1188 2487 male
1207 2428 1323 2488 vincit

145 2504 178 2592 (i.
189 2531 213 2571 e.
223 2513 408 2588 impudentia
428 2517 460 2574 et
476 2516 596 2576 feritate
616 2509 753 2598 superat)
773 2518 960 2576 beluarum
977 2517 1223 2593 pecudumque
1242 2536 1322 2576 con-

143 2600 256 2677 iugia.
284 2602 332 2661 Ita
347 2604 467 2663 demum
481 2605 554 2664 haec
568 2607 717 2666 sententia
730 2609 811 2666 recte
826 2608 964 2667 cohaeret
981 2625 1049 2667 cum
1066 2606 1322 2682 praecedentibus

145 2686 277 2763 Βροτῶν
295 2691 436 2752 librarius
454 2694 655 2770 incogitanter
673 2695 815 2772 repetivit
834 2715 870 2754 ex
887 2714 931 2756 vs.
947 2697 1020 2757 597.
1172 2694 1175 2700 ’

236 2782 308 2841 623.
332 2776 402 2841 ἐπεὶ
421 2775 453 2840 δ’
472 2779 695 2858 ἐπεμνηςάμαν
715 2779 887 2859 ἀμειλίχων

331 2865 452 2945 πόνων,
467 2864 655 2947 ἀκαίρωςδὲ
667 2869 817 2948 δυςφιλές
831 2866 1006 2948 γαμήλευμ’
1015 2867 1196 2949 ἀπεύχετον
1212 2868 1322 2949 δόμοι(

332 2956 604 3036 γυναικοβούλους
622 2977 656 3021 τε
677 2959 806 3037 μητίδας
826 2961 958 3038 φρενῶν

331 3041 387 3106 ἐπ’
405 3043 496 3123 ἀνδρὶ
515 3045 723 3130 τευχεςφόρῳ
761 3083 762 3086 =

331 3129 387 3194 ἐπ’
405 3131 496 3210 ἀνδρὶ
515 3132 636 3198 δάοιςιν
655 3135 819 3219 ἐπικότιμ
839 3137 959 3216 ςέβας,

332 3219 424 3285 τίων
444 3219 476 3284 δ>
495 3220 695 3302 ἀθέρμαντον
715 3224 820 3290 ἑςτίαν
839 3223 949 3303 δόμων

171 3385 175 3392 ¹
330 3310 513 3386 γυναικείαν
533 3309 675 3390 ἄτολμον
693 3313 817 3393 αἰχμάν.

233 3400 334 3460 Arena
357 3403 421 3463 sine
445 3405 537 3464 calcet
574 3405 665 3465 Recte
688 3409 792 3482 procul
815 3408 905 3467 dubio
930 3407 1080 3466 Stanleius
1104 3409 1231 3468 correxit
1254 3403 1321 3468 τίω

145 3507 199 3564 pro
217 3485 316 3549 τίων.
354 3492 469 3552 Deinde
488 3493 568 3553 cedit
586 3495 618 3553 in
637 3497 737 3556 oculos
755 3497 936 3573 praecedens
954 3497 1132 3558 vccabulum
1152 3494 1244 3574 ςέβας
1262 3517 1322 3556 non

82 3585 87 3596 '
145 3578 328 3654 habereque
346 3581 502 3657 referatur,
516 3583 619 3660 itaque
631 3586 807 3646 mendosum
827 3605 901 3646 esse.
935 3583 1081 3656 Quoniam
1098 3605 1169 3646 vero
1188 3587 1219 3645 in
1237 3607 1322 3663 prae-

146 3667 258 3741 gressis
277 3669 436 3730 manifesto
455 3672 581 3732 verbum
600 3673 799 3750 desideratur,
818 3675 894 3735 nihil
914 3678 959 3735 esi
977 3676 1163 3753 probabilius
1182 3695 1269 3753 quam
1290 3676 1321 3734 id

145 3758 269 3817 verbum
287 3758 383 3818 latere
402 3760 458 3820 sub
476 3761 585 3821 vitioso
604 3763 657 3822 illo
676 3760 777 3840 ςέβας.

232 3846 455 3909 Sententiarum
477 3868 571 3910 nexus
595 3851 800 3913 huiuscemodi
823 3853 894 3929 quid
917 3855 1071 3930 postulare
1093 3854 1168 3913 mihi
1188 3855 1319 3914 uidetur:

357 3934 426 3998 ἐπεὶ
446 3968 488 3979 -
508 3934 626 4014 πόνον,
646 3934 783 4016 ἀκαίρως
802 3939 844 4003 τὸ
865 3940 1014 4018 δυςφιλὲς
1040 3975 1078 3983 -

357 4109 412 4174 ἐπ’
432 4110 524 4190 ἀνδρὶ
542 4115 662 4196 δᾴοιςιν
682 4115 838 4201 έμφόβιμ
858 4119 976 4196 ψέγω,

356 4199 422 4263 τίω
442 4199 473 4262 δ’
493 4200 692 4280 ἀθέρμαντον
712 4205 817 4270 ἑςτίαν
835 4205 957 4286 δόμων,

356 4289 539 4366 γυναικείαν
559 4287 618 4376 (τ’)
639 4289 780 4371 ἄτολμον
800 4293 929 4378 αἰχμὰν;

233 4376 400 4462 Ἐπικότῳ,
425 4384 503 4460 quod
523 4383 747 4446 Heimsoethius
766 4387 797 4445 in
815 4383 938 4466 έγκότψ
956 4388 1097 4462 mutavit,
1122 4391 1200 4449 celat
1217 4391 1319 4466 potius
