3084 4958
537 158 754 215 Emendationcs
772 158 950 229 Aeschyleae.
1267 157 1331 222 125

248 330 323 389 435.
373 328 489 408 τοιῷδε
508 323 592 402 φωτὶ
610 323 733 402 πέμπε
752 322 798 387 τίς
816 322 1005 403 Ξυςτήςεται,

158 417 330 478 Dindorfius
356 418 455 477 deleto
480 413 584 492 πέμπε
611 418 681 492 post
700 416 815 496 τοιῷδε
836 415 962 475 inseruit
988 415 1080 496 τῷδε.
1123 416 1195 477 Post
1215 417 1330 498 τοιῷδε

158 507 233 567 nihil
256 508 349 567 deest.
391 505 436 566 Of.
455 508 520 567 499
544 505 672 566 τοιοῦδε
695 501 806 581 φωτὸς
824 505 939 579 πεῖραν
958 500 994 566 εὖ
1014 503 1206 581 φυλακτέον.
1251 506 1332 577 Qua-

157 600 282 674 propter
295 595 431 672 praefero
441 595 624 656 lenissimam
638 595 858 669 correctionem,
873 614 963 671 quam
976 595 1120 674 proposui
1133 595 1164 654 in
1173 596 1302 655 Exerci
1310 598 1332 656 t.

159 686 301 746 criticis
326 705 355 762 p.
375 687 430 745 94:
460 684 575 764 τοιῷδε
601 679 686 758 φωτὶ
711 676 744 744 δ’
763 679 845 745 εἰπὲ
868 678 914 743 τίς
937 681 1125 760 ξυςτήςεται.
1167 684 1212 745 De
1230 679 1277 744 τίς
1300 686 1332 744 in

159 775 292 834 oratione
310 775 455 834 indirecta
472 793 526 850 pro
545 767 629 833 όςτις
649 773 727 833 dicto
746 773 782 834 cf.
801 773 881 834 Lex.
900 772 1025 833 Aesoh.
1043 793 1071 850 p.
1088 773 1194 834 3753.

249 874 323 932 562.
374 870 458 934 θεῶν
476 865 641 932 θελόντων
660 865 694 930 δ’
712 865 756 932 ἂν
775 863 982 945 ἀληθεύςαιμ’
999 866 1074 943 ἐγώ.

247 961 347 1038 Vulgo
366 962 488 1038 recepta
506 962 554 1021 est
572 959 736 1020 Wellaueri
759 959 902 1019 correctio
929 959 989 1036 qui,
1012 959 1101 1020 metri
1119 960 1219 1036 gratia
1238 963 1334 1020 trans·
1391 948 1399 966 ¹
1486 1019 1488 1026 ,

158 1050 261 1129 posuit
279 1043 319 1110 ἄν
338 1043 380 1110 δ’.
416 1050 512 1109 Valde
531 1050 634 1110 dubito
652 1069 725 1109 num
743 1052 839 1122 recte,
859 1049 999 1125 quoniam
1021 1048 1168 1125 particula
1186 1043 1235 1123 ἄν,
1255 1069 1331 1126 quae

159 1141 198 1200 ad
223 1140 391 1217 optativum
414 1138 559 1215 pertinet,
578 1139 620 1198 sic
638 1139 716 1198 mals
743 1139 880 1214 iungitur
902 1157 970 1197 cum
991 1138 1158 1214 participio.
1207 1139 1334 1215 Insuper

158 1230 355 1306 praetulerim
379 1229 408 1288 h.
426 1229 446 1289 l.
469 1247 584 1287 merum
613 1226 782 1304 optativum
810 1227 897 1287 modo
926 1226 1125 1287 conditionali.
1174 1227 1332 1302 Utinam,

159 1318 368 1379 volentibus
387 1317 455 1391 dis,
473 1335 557 1377 vere
575 1316 662 1376 haec
681 1317 844 1375 dixerim!
881 1315 980 1386 Quare
999 1314 1123 1376 conieci:

375 1405 459 1468 θεῶν
477 1399 654 1480 θελόντων,
673 1399 779 1465 ταῦτ’
797 1397 1003 1479 ἀληθεύςαιμ’
1022 1400 1097 1478 ἐγώ.

248 1506 321 1564 578.
345 1498 405 1564 δίς
423 1497 455 1564 τ’
473 1498 513 1563 ἐν
532 1503 664 1585 τελευτῇ
684 1496 819 1578 τοῦνομ’
836 1498 1079 1577 ἐνδατούμενος.
1169 1561 1171 1565 .

248 1593 339 1654 Recte
362 1594 394 1652 in
417 1591 556 1653 Studiis
580 1593 724 1653 criticis
751 1595 820 1669 p.2
850 1592 1036 1669 corrigebam
1066 1593 1168 1672 διςςῇ
1191 1590 1334 1672 τελευτῇ,

158 1685 178 1746 i.
197 1703 222 1742 e.
240 1701 349 1743 nomen
371 1682 522 1758 Polynicis
541 1682 652 1759 duplici
675 1681 885 1742 terminatione
909 1682 1053 1743 dividens.
1095 1680 1191 1742 Schol.
1211 1677 1255 1742 είς
1275 1677 1333 1742 δύο

160 1770 292 1849 διαιρῶν
311 1766 349 1832 τὸ
368 1765 472 1846 όνομα
490 1771 549 1832 τοῦ
567 1767 793 1846 Πολυνείκους,
813 1767 850 1830 τὸ
869 1768 953 1831 πολὺ
972 1766 1079 1831 καὶτὸ
1099 1770 1212 1832 νεῖκος.

250 1872 324 1930 622.
347 1868 414 1930 Vid.
432 1869 511 1928 infra
528 1869 567 1928 ad
587 1868 720 1948 Ohoeph.
740 1870 814 1928 581.

252 1976 314 2036 695
331 1975 380 2036 Et.
402 1969 500 2049 φίλου
518 1969 580 2048 γὰρ
599 1969 699 2050 ἐχθρά
718 1991 770 2048 μοι
789 1971 911 2050 πατρός
929 1969 1057 2035 τάλαιν’
1075 1968 1137 2049 ἀρά

398 2063 506 2137 ξηροῖς
525 2058 693 2123 ἀκλαύτοις
713 2057 846 2138 ὄμμαςιν
864 2058 1054 2138 προςιῑὰνει,

400 2149 538 2226 λέγουςα
556 2148 668 2226 κέρδος
687 2146 848 2227 πρότερον
866 2148 999 2227 ὑςτέρου
1020 2147 1129 2227 μόρου.

247 2250 510 2326 Interpretandum
525 2249 668 2310 arbitror:
683 2268 965 2310 commemorans
979 2252 1117 2310 lucrum
1132 2251 1335 2326 posteriori

160 2344 236 2402 fato
256 2335 376 2421 (seriori
394 2331 497 2418 morti)
516 2339 806 2415 praeferendum.
847 2339 953 2418 Adigit
976 2359 1083 2416 nempe
1108 2340 1203 2416 patris
1226 2341 1334 2416 impre-

160 2432 238 2492 catio
252 2429 405 2489 Eteoclem
419 2432 462 2504 ut,
476 2429 635 2488 dummodo
649 2428 744 2487 frater
759 2447 813 2488 sua
826 2448 917 2488 manu
930 2432 1043 2505 pereat,
1061 2429 1227 2505 longiorem
1241 2429 1336 2490 vitam

160 2520 336 2596 vilipendat.
372 2517 486 2578 Ambos
506 2518 584 2576 enim
604 2517 734 2576 alterum
753 2517 877 2576 alterius
897 2537 987 2576 manu
1006 2518 1133 2577 occisum
1153 2518 1190 2577 iri
1205 2516 1335 2594 Oedipus
1367 2584 1370 2590 .

161 2608 358 2687 praedixerat.
395 2605 520 2682 Saepius
539 2608 641 2666 autem
660 2600 818 2681 πρότερος
838 2610 869 2666 et
887 2605 1015 2682 πρῶτος
1033 2607 1146 2668 Graece
1166 2607 1335 2683 significare

161 2699 295 2778 potior,
314 2695 529 2773 potissimus
548 2698 652 2754 notum
672 2697 728 2755 est.

251 2795 323 2856 720.
374 2790 514 2869 πέφρικα
531 2789 591 2853 τὰν
610 2787 795 2852 ὠλεςίοικον
813 2788 890 2853 θεὸν
909 2788 948 2854 οὐ
967 2793 1054 2854 θεοῖς
1074 2787 1197 2868 ὁμοίαν,

374 2881 543 2958 παναλαθῆ
563 2877 763 2957 κακόμαντιν,
783 2878 904 2956 πατρὸς
924 2877 1104 2942 εὐκταίαν
1124 2876 1253 2956 Ἐρινύν.

251 2982 397 3060 Suspecta
415 2983 462 3040 est
475 2981 621 3057 producta
634 2980 665 3038 in
679 2981 774 3050 altero
788 3001 878 3042 versu
892 2980 1016 3040 extremi
1030 2979 1114 3056 pedis
1129 2979 1222 3039 Ionici
1241 2981 1338 3056 prima

162 3073 290 3150 syllaba,
309 3090 367 3130 non
386 3072 525 3146 correpta
541 3070 747 3151 praecedentis
770 3071 854 3147 podis
879 3069 993 3129 ultima.
1036 3068 1135 3139 Quare
1154 3067 1337 3146 Aeschylum
1367 3099 1374 3108 ,

164 3164 193 3221 h.
207 3163 227 3221 l.
248 3153 342 3243 (quod
359 3159 392 3218 in
409 3158 546 3235 plurimis
571 3158 726 3242 adiectivis
750 3159 842 3219 trium
860 3157 1105 3218 terminationum
1123 3159 1254 3235 tragicos
1272 3178 1338 3233 per·

164 3251 283 3311 misisse
297 3248 354 3310 sibi
369 3241 500 3328 constat)
516 3246 695 3330 adiectivum
714 3243 860 3308 εὐκταίας
879 3267 1060 3307 οοιιιιιιυιιο
1079 3246 1185 3306 fecisse
1204 3248 1338 3322 suspicor

163 3343 193 3400 et
219 3339 388 3415 scripsisse:
418 3332 539 3411 πατρὸς
563 3331 743 3397 εὐκταῖον
768 3331 897 3412 Ἐρινύν.
938 3337 1038 3397 Minus
1061 3339 1141 3396 recle
1164 3335 1337 3394 Dindorfius

163 3429 313 3506 virgulam
327 3427 428 3504 posuit
441 3430 511 3503 post
525 3424 704 3500 παναλαθῆ,
719 3425 783 3486 sine
797 3426 985 3486 distinctione
1000 3425 1181 3500 coniungens
1197 3419 1236 3484 οὐ
1251 3425 1337 3486 θεοῖς

163 3512 277 3593 ὁμοίαν
292 3515 470 3592 παναλαθῆ.
499 3516 577 3574 Nam
592 3508 781 3588 κακόμαντις
790 3516 878 3591 pocul
892 3515 981 3576 dubio
996 3515 1044 3573 hio
1059 3516 1105 3573 est
1115 3513 1338 3574 substantivum

164 3608 246 3666 arcte
269 3606 454 3681 iungendum
477 3624 543 3665 cum
568 3602 750 3680 παναλαθῆ,
772 3603 879 3664 nimis
902 3622 1063 3665 veracem
1086 3605 1205 3663 vatem
1228 3604 1337 3661 malo-

163 3715 249 3755 rum.
287 3694 330 3754 cf.
350 3689 563 3769 &inoduorum
582 3695 613 3752 et
631 3688 859 3767 ψευδόμαντις,
878 3693 946 3752 alia.

254 3796 326 3853 772.
376 3785 438 3851 τίν’
457 3785 585 3866 ἀνδρῶν
604 3787 665 3866 γὰρ
684 3785 815 3851 τοιόνδ’
833 3786 1014 3864 ἐθαύμαςαν

377 3875 459 3941 θεοί
477 3876 528 3939 καὶ
541 3877 695 3941 Ξυνέςτιοι

377 3963 497 4029 πόλεος
516 3963 534 4027 δ
553 3962 734 4046 πολύβοτός
752 3962 784 4028 τ’
803 3964 883 4030 αἰὼν
904 3969 1041 4045 βροτῶν;
1110 4013 1112 4018 -

252 4068 360 4130 Itane?
384 4067 415 4126 di
434 4065 581 4143 Oedipum
600 4066 741 4127 admirati
759 4070 839 4142 sunt,
858 4067 909 4143 qni
929 4067 1080 4128 bominem
1099 4064 1248 4143 porsecuti
1267 4068 1337 4128 sunt

164 4181 218 4238 per
235 4162 331 4221 totam
350 4155 462 4219 vitam?
500 4155 631 4217 conieci:

376 4244 479 4310 ξένοι
498 4241 549 4306 καὶ
567 4240 719 4307 ξυνέςτιοι
738 4239 856 4306 πόλεος

167 4340 186 4400 i.
206 4357 231 4398 o.
250 4339 322 4397 tam
339 4335 523 4414 peregrini
548 4354 651 4412 quam
670 4333 774 4397 cives.
