3084 4958
513 209 730 266 Emendationes
749 210 928 280 Aeschyleae.
1242 208 1307 272 145

128 379 273 455 quando
296 397 394 438 mera
420 381 475 438 est
496 398 565 438 nox
587 371 620 459 (i.
635 381 743 454 apost
760 381 888 438 mortem
907 369 1068 458 demum)“.
1112 377 1307 440 Scribendum

129 468 210 528 anim
229 470 373 544 putabam
393 471 424 528 ot
442 487 520 528 nunc
538 471 626 544 puto:

480 554 557 617 τοὺς
570 547 617 635 δ’,
635 549 772 630 ἄκρατος
790 553 874 617 ἐπεὶ
892 553 957 619 νύξ.

134 646 230 716 Quam
246 651 347 706 autem
361 649 431 722 apte
450 650 586 706 senectus
604 647 728 706 vocetur
747 641 932 721 μεταίχμιον
951 641 1064 706 ςκότου
1084 646 1195 706 sentiet
1211 648 1237 708 is
1256 649 1308 723 qui

133 755 200 794 oum
230 736 463 796 consideraverit
484 736 657 796 universum
675 733 856 795 Graecorum
880 736 1042 796 senectutis
1066 737 1219 796 horrorem
1241 739 1307 794 tum

123 823 277 901 Aeschyli
303 824 473 884 meminerit
500 825 593 884 verba
619 823 650 882 in
678 824 902 900 Agamemnone
921 845 964 886 vs.
986 827 1026 885 82
1053 826 1089 884 de
1116 844 1198 884 senc:
1225 819 1305 899 ὄναρ

136 908 365 988 ἡμερόφαντον
391 908 522 973 ἀλαίνει.
552 945 596 954 —-
625 913 724 971 Aliter
739 932 849 996 'nuper
876 915 907 973 in
933 915 979 974 his
1006 914 1078 990 ipsis
1104 913 1306 973 Annalibus

135 1002 192 1062 vol.
212 1005 273 1062 115
293 1006 325 1062 et
345 1005 416 1076 116,
438 1005 454 1061 1
475 1023 502 1078 p.
519 1006 612 1078 2sqq.
627 1002 655 1061 h.
670 1002 689 1060 l.
705 1004 734 1061 et
752 1002 945 1080 interpretari
964 1007 995 1063 et
1013 1003 1170 1064 emendare
1184 1007 1307 1064 conatus

134 1094 184 1151 est
203 1091 433 1166 Schoemannus,
453 1092 504 1167 qui
523 1091 597 1150 mihi
615 1090 736 1168 quidem
754 1091 876 1152 minime
895 1094 1054 1168 persuasit.
1205 1097 1206 1100 ’

250 1183 299 1241 72.
345 1175 440 1254 πόροι
459 1198 494 1241 τε
514 1175 633 1241 πάντες
651 1176 691 1261 ἐκ
710 1179 793 1255 μιᾶς
812 1175 906 1242 ὁδοῦ

346 1264 510 1345 βαίνοντες
528 1266 586 1330 τὸν

342 1359 499 1433 χερομυεῆ
519 1353 626 1433 φόνον
644 1354 851 1434 καθαίροντες
870 1356 1002 1420 ίοῦςαν
1021 1355 1131 1434 μάταν.

222 1446 396 1521 Scholiasta,
416 1449 467 1523 qui
480 1448 709 1524 interpretatur:
729 1443 847 1509 πάντες
862 1445 893 1508 οἱ
907 1445 1044 1523 ποταμοὶ
1063 1445 1117 1509 είς
1137 1446 1178 1509 ἓν
1197 1465 1305 1523 ςυνερ-

130 1530 261 1609 χόμενοι
281 1536 389 1595 habuit
407 1538 477 1596 ante
496 1539 605 1611 oculos,
624 1539 704 1614 quod
722 1542 830 1614 poetae
848 1538 973 1598 reddere
991 1557 1050 1598 non
1069 1539 1215 1598 dubitem:

344 1620 439 1699 πόροι
458 1642 492 1686 τε
512 1620 630 1687 πάντες
650 1622 704 1686 εἰς
722 1622 815 1688 ὁδὸν
834 1623 930 1702 μίαν.

218 1715 378 1775 Praeterea
398 1715 573 1774 mendosum
595 1719 642 1775 est
662 1707 809 1791 ίοῦεαν,
833 1717 889 1776 sub
907 1737 966 1793 qno
985 1717 1142 1794 participio
1162 1719 1246 1792 latet,
1270 1721 1314 1778 nt'

128 1805 209 1863 recte
228 1805 271 1874 ait
284 1803 465 1881 DindorfiuS,
483 1804 609 1864 creticae
628 1812 785 1865 mensurae
803 1807 936 1881 verbum,
955 1807 1034 1882 quod
1052 1807 1212 1868 restituere
1233 1808 1306 1865 mihi

129 1893 233 1953 videor
251 1893 432 1953 rescribens:

342 1977 437 2056 πόροι
457 1998 491 2042 τε
512 1976 630 2043 πάντες
650 1977 703 2044 εἰς
726 1977 821 2043 ὁδὸν
845 1979 932 2058 μίαν

344 2066 510 2146 βαίνοντες
529 2068 588 2131 τὸν
1247 2149 1251 2158 η

342 2162 499 2235 χερομυεῆ
519 2155 626 2236 φόνον
645 2157 851 2236 καθαίροντες
871 2159 1013 2236 ἥνυςαν
1032 2158 1148 2237 μάταν,

130 2248 223 2308 viam
248 2249 389 2310 frustra
413 2251 533 2310 solent
554 2252 747 2327 perficere,
770 2252 789 2309 i.
804 2272 829 2312 e.
847 2253 962 2312 frustra
985 2271 1050 2312 esse
1069 2253 1174 2313 solent.
1210 2252 1303 2322 Quem

129 2356 217 2396 usum
241 2339 412 2399 absolutum
435 2340 595 2400 verborum
619 2335 747 2401 ἁνύτειν
772 2344 802 2400 et
819 2341 940 2416 τελεῖν,
965 2342 1073 2403 omisso
1093 2336 1184 2416 ὁδόν,
1208 2342 1305 2418 poetis

129 2427 204 2487 satis
223 2427 402 2488 familiarem
423 2448 487 2489 esse
506 2430 573 2506 quis
592 2429 708 2492 nescit?

221 2517 298 2577 Huic
313 2519 377 2577 loco
391 2520 527 2594 apposite
542 2520 676 2579 conferas
691 2518 901 2596 Sbakespcarii
916 2521 1008 2582 verba
1025 2521 1057 2580 in
1072 2520 1211 2580 Macbeth
1225 2521 1256 2580 ΙΙ
1272 2523 1304 2580 2:

175 2604 261 2665 Will
280 2607 330 2666 all
349 2611 457 2683 great
474 2608 662 2684 Neptunes
682 2628 790 2669 ocean
812 2611 908 2669 wash
932 2611 1005 2670 this
1025 2610 1133 2669 blood

172 2697 275 2755 clean
294 2697 387 2755 from
406 2717 463 2773 my
481 2697 595 2756 hand?
632 2699 697 2774 No;
716 2699 790 2757 this
809 2718 865 2774 my
883 2700 976 2758 band
995 2700 1054 2759 wil
1072 2699 1197 2758 rather

172 2785 234 2844 the
252 2786 536 2846 multitudinous
557 2805 636 2846 scas
654 2788 902 2863 incernadine,
922 2789 1066 2865 making
1085 2789 1146 2847 the
1164 2807 1274 2864 green

172 2892 236 2933 one
255 2876 325 2936 red.

216 2964 395 3024 Rectissime
420 2963 641 3026 Schoemannus
665 2965 752 3026 Ann.
771 2967 791 3026 l.
805 2968 825 3027 l.
840 2985 883 3027 vs.
904 2969 944 3026 71
970 2965 1136 3042 νυμφικῶν
1160 2961 1305 3026 ἑδωλίων

128 3052 165 3110 de
184 3052 321 3112 fontibus
339 3053 537 3131 intelligenda
556 3074 621 3115 osse
640 3056 764 3114 monuit.

222 3144 295 3201 109.
340 3139 486 3217 φθέγγου
506 3140 622 3218 χέουεα
642 3139 758 3218 εεμνὰ
775 3145 876 3204 τοῖςιν
896 3139 1056 3221 εὔφροςιν.

221 3231 387 3291 Scholiasta
414 3233 577 3308 explicans:
611 3229 697 3293 εὖξαι
726 3227 848 3304 ἀγαθὰ
876 3235 944 3294 τοῖς
972 3229 1008 3294 εὖ
1036 3233 1225 3309 φρονοῦςιν,
1257 3233 1303 3312 τῷ

132 3313 341 3394 Ἀγαμέμνονι
361 3315 513 3395 δηλονότι
531 3322 619 3398 legit,
638 3323 697 3382 nisi
714 3323 815 3381 fallor:

343 3407 488 3485 φθέγγου
515 3407 632 3484 χέουεα
656 3407 774 3471 κεδνὰ
796 3412 895 3473 τοῑςιν
916 3406 1076 3487 εὔφροςιν.

131 3497 299 3574 Hesychius
323 3494 450 3560 κεδνὰς
475 3494 581 3571 ἀγαθὰ
603 3533 645 3542 -
670 3532 712 3540 -
737 3496 860 3575 εεμνά.
892 3501 976 3560 Idem
993 3501 1172 3562 adiectivum
1191 3496 1304 3574 ςεμνός

131 3586 204 3646 vitio
227 3587 340 3664 legitur
358 3589 437 3647 infra
455 3609 499 3650 vs.
514 3593 590 3663 975,
610 3592 645 3649 ut
663 3609 731 3649 mox
749 3590 925 3650 videbimus.
1013 3619 1021 3632 ·

222 3678 294 3737 185.
340 3673 373 3739 ἐξ
393 3673 544 3753 ὀμμάτων
564 3675 599 3738 δὲ
619 3674 741 3752 δίψιοι
760 3674 908 3739 πίπτουςί
927 3695 979 3753 μοι

344 3762 496 3838 ςταγόνες
515 3762 673 3844 ἄφρακτοι
693 3762 844 3842 δυεχίμου
864 3763 1090 3842 πλημμυρίδος.

219 3856 351 3916 Vertunt
364 3859 493 3934 guttae
508 3857 633 3916 aridae
647 3859 696 3916 vel
715 3857 937 3931 sitibundae,
957 3857 1035 3933 quod
1055 3857 1126 3934 quid
1146 3857 1203 3916 sibi
1222 3858 1304 3932 velit,

129 3965 293 4021 numquam
320 3946 406 4020 potui
428 3946 606 4023 intelligere.
645 3944 836 4021 Ineptissime
862 3951 963 4007 autem
988 3947 1161 4006 scholiasta:
1190 3944 1303 4026 πρῴην

131 4029 285 4105 ἄγευετοι.
317 4029 372 4093 Ὡς
391 4029 499 4108 δίψιον
518 4030 635 4110 Ἄργος
659 4032 696 4095 τό
716 4052 796 4096 ποτε
816 4030 964 4111 ἄνυδρον.

221 4124 312 4184 Recte
344 4123 463 4200 quidem
500 4127 530 4184 ot
557 4125 670 4202 tragico
700 4125 812 4186 dietum
846 4126 924 4186 foret
957 4125 1036 4202 quod
1059 4124 1131 4185 olim
1162 4127 1304 4202 proposui

131 4207 323 4288 δίπτυχοι,
342 4216 377 4272 ut
392 4232 427 4272 ox
440 4213 584 4274 ambobus
600 4215 692 4275 oculis
707 4209 860 4288 ςταγόνες
879 4214 1128 4291 intelligerentur,
1148 4213 1200 4275 sed
1214 4216 1302 4276 hodie

132 4303 165 4359 ut
182 4303 278 4364 lenius
295 4303 502 4379 praetulerim:

343 4388 376 4453 ἐξ
397 4386 548 4467 ὀμμάτων
571 4389 606 4452 δὲ
631 4387 771 4468 διψίων
795 4395 844 4456 vel
867 4387 1022 4470 ὀμμάτοιν
1041 4425 1083 4435 -
1103 4388 1223 4469 διψίοιν
1242 4389 1303 4454 κτὲ.
