3084 4958
528 181 746 238 Emendationes
764 181 945 250 Aeschyleue.
988 156 991 162 ¹
1258 179 1322 245 155

237 353 310 414 341.
355 346 409 410 ἐπὶ
427 347 462 410 δὲ
481 350 527 430 τῷ
546 346 708 428 τεθυμένῳ

131 423 135 448 ¹
360 435 435 499 τόδε
454 436 549 513 μέλα(
569 432 753 512 παρακοπά,
777 432 954 513 παραφορὰ
977 435 1234 513 φρενοδαλὴτ,
1258 435 1319 498 κτὲ.

147 530 244 588 Aures
268 549 350 588 moes
374 530 419 588 ita
440 528 549 586 misere
573 529 662 587 vexet
683 528 784 588 Ionioe
806 528 860 586 illo
883 521 1070 601 παράληξιε,
1098 526 1181 586 euius
1205 529 1320 586 nullum

146 638 216 677 novr
239 619 418 693 exemplum,
446 621 515 692 post
535 605 713 692 paeoniourn'
734 615 880 690 ordinem,
904 617 938 674 ut
956 613 1161 690 φρενοδαλὴ(
1179 615 1320 676 vitiosum

147 726 211 766 esse
231 707 357 766 credam,
401 706 566 766 Paeonieee
589 723 746 764 mensurae
771 705 890 780 requiro
915 705 1100 780 vocabulum,
1123 708 1159 762 ut
1177 720 1319 779 φρενο-

148 793 279 871 μανήτ,
298 796 377 871 quod
396 793 506 853 conieci
524 795 555 853 in
573 795 694 854 Exere.
713 792 789 852 orit.
810 795 968 868 peg.107.

237 886 310 943 347.
360 879 573 957 γιγνομέναιει
593 877 674 956 λάχη
692 875 767 940 τάδ’
785 875 843 955 ἐφ’
861 876 936 955 άμῑν
954 875 1106 955 ἐκράνθη,

360 966 530 1047 ἀθανάτων
548 965 581 1030 δ’
599 965 757 1045 ἀπέχειν
776 967 903 1044 χέρατ,
922 965 998 1030 οὐδέ
1017 964 1063 1029 τί(
1082 965 1146 1030 teu

361 1055 536 1144 (υνδαίτῳρ
555 1053 749 1134 μετάκοινος.

236 1149 328 1209 Aliud
351 1149 463 1225 requiri
486 1150 565 1209 viros
585 1150 687 1207 doctos
705 1168 764 1208 non
782 1147 882 1206 latuit.
923 1145 1059 1206 Prienius
1079 1149 1110 1206 et
1127 1147 1317 1210 Hermunnus

148 1239 336 1298 coniecerunt
354 1233 523 1298 ἀθανάτων
547 1231 622 1310 δίχ’
649 1231 752 1310 ἔχειν
776 1233 903 1310 γέρας,
932 1236 1040 1312 quibus
1065 1236 1171 1296 merito
1191 1237 1319 1298 Weilius

115 1351 120 1360 ·
148 1328 258 1388 obiecit
275 1328 411 1387 voculam
430 1323 465 1385 δὲ
484 1346 543 1386 non
563 1325 729 1399 abundare,
747 1325 807 1385 ndu
826 1324 905 1383 enim
923 1325 1053 1400 incipere
1071 1324 1168 1401 Diras,
1188 1327 1240 1385 sed
1254 1347 1320 1404 per-

147 1435 219 1493 gere
238 1434 377 1475 enerrure
396 1434 522 1474 munera
540 1435 603 1474 sun
641 1413 829 1490 Quapropter
847 1414 912 1489 ipse
930 1414 1077 1488 reposuit:
1101 1408 1272 1474 ἀθανάτων
1291 1410 1319 1475 δ’

148 1499 279 1578 ἀπέχειν
299 1499 395 1564 ἑκάτ.
432 1504 604 1580 Ingeniose3
630 1502 683 1562 sed
705 1502 780 1561 nihil
799 1501 909 1575 obstat,
928 1502 1086 1578 quominus
1113 1503 1203 1562 etium
1221 1503 1318 1564 lenius

147 1594 344 1669 corrigemus:

361 1675 530 1742 ἀθανάτων
549 1675 583 1740 δ’
601 1675 665 1740 ἄπ’
683 1675 787 1753 ἔχειν
805 1676 932 1754 γέρας,

149 1772 258 1830 eolleto
277 1770 449 1848 Supplioum
467 1771 531 1830 loeo
550 1791 594 1831 vs.
611 1771 687 1830 684:

361 1856 486 1919 νοάεων
505 1853 539 1917 δ’
558 1855 651 1932 trude
670 1851 734 1917 ἀπ’
752 1853 856 1919 ἀετῶν

358 1942 419 2010 ἵζοι
437 1944 553 2021 κρατὸτ
571 1942 717 2022 άτερπήτ.

239 2035 389 2096 Soholium
416 2036 455 2095 ad
481 2037 509 2097 h.
533 2038 552 2095 l.
576 2033 615 2111 μὴ
644 2027 825 2108 πλητιάῑειν
850 2031 930 2110 ἡμάτ
954 2034 1022 2094 ruit
1046 2033 1145 2109 θεοῖτ,
1174 2035 1212 2095 ed
1239 2035 1319 2112 quod

149 2123 276 2183 Weilius
295 2125 476 2200 provocavit,
495 2145 589 2201 aequo
608 2125 673 2184 iure
691 2143 744 2200 pro
758 2125 870 2183 nostris
884 2122 1060 2200 coniecturis
1080 2126 1111 2182 et
1123 2143 1177 2199 pro
1191 2125 1319 2185 leotione
1414 2169 1419 2180 .

149 2214 274 2290 vulgate
288 2213 374 2272 elteri
388 2214 507 2290 poterit.
538 2214 623 2272 Nihil
642 2213 759 2272 omnino
778 2212 846 2271 inde
861 2211 939 2270 effiei
956 2231 1044 2287 posse
1057 2212 1250 2272 menifestum
1265 2218 1319 2274 est.

238 2305 312 2362 429.
363 2296 439 2361 ἀλλ’
457 2297 556 2377 ὅρκον
579 2298 618 2362 οὐ
638 2295 756 2362 δέξαιτ’
775 2296 823 2374 ἂν,
843 2296 885 2359 οὐ
906 2300 1018 2360 δοῦναι
1037 2299 1151 2360 θέλοι.

236 2391 345 2450 Melius
359 2391 525 2452 Ahrensius
545 2387 588 2451 ὃν
604 2423 645 2432 -
661 2388 770 2466 θέλω,
790 2389 869 2465 quod
888 2391 919 2448 et
937 2389 1002 2464 ipse
1016 2388 1157 2448 Ahrensii
1171 2390 1319 2450 coniectu-

148 2499 212 2538 ram
231 2481 372 2555 ignorans
391 2481 546 2556 proposui,
570 2481 667 2544 (ἀνα.
683 2481 759 2552 432,
784 2479 841 2538 Ex.
856 2479 933 2537 orit.
951 2497 1019 2554 peg.
1038 2480 1113 2555 104,
1139 2497 1229 2554 quem
1248 2479 1318 2539 Din-

150 2569 260 2627 dorfins
276 2565 308 2629 εἰ
322 2601 364 2610 -
380 2567 518 2630 θέλοιν.
550 2568 710 2644 Probabile
725 2569 804 2628 enim
819 2569 865 2628 est
879 2567 985 2628 Fmias
999 2586 1105 2627 revera
1118 2567 1166 2628 hie
1181 2565 1317 2628 Orestem

148 2657 323 2732 προκαλεῑν
334 2653 378 2720 εἰ(
388 2652 493 2731 ὅρκον,
509 2660 539 2716 et
553 2657 595 2716 sie
610 2657 703 2732 etiarn
710 2658 816 2716 melius
827 2657 955 2732 quadret
964 2655 1117 2715 Minervae
1128 2675 1317 2732 responsum:

361 2741 467 2806 κλύειν
486 2742 606 2805 δίκαια(
626 2743 748 2819 μᾶλλον
766 2743 785 2820 ἢ
806 2743 921 2818 πρᾶξαι
940 2740 1050 2804 θέλετε.

147 2835 278 2911 Egregie
301 2837 402 2894 eutem
420 2834 537 2893 fallitur
556 2832 697 2910 Weilius,
724 2835 895 2894 coniectura
917 2833 993 2892 nihil
1022 2852 1096 2908 opus
1120 2851 1186 2893 esse
1209 2835 1318 2895 dicens.

148 2922 275 2982 Videtur
292 2923 385 2999 igitur
401 2917 516 2983 ’δοῦναι
536 2915 671 3005 (offerre)
684 2923 854 2998 intelligere
872 2925 1075 3000 proestare,
1094 2922 1173 2998 quod
1192 2923 1218 2982 si
1236 2926 1317 2985 reete

147 3012 267 3086 feteret,
286 3016 376 3088 poete
392 3012 439 3072 bis
457 3013 536 3072 idem
554 3013 675 3087 diceret,
693 3016 729 3071 nt
745 3015 861 3071 taceam
880 3011 1043 3075 desiderari
1061 3011 1205 3071 disertum
1224 3013 1318 3073 oblsti

148 3101 327 3161 sacrementi
344 3102 534 3162 mentionem.

237 3193 311 3250 470.
361 3187 399 3250 τὸ
418 3189 548 3264 πρᾶγμα
566 3190 675 3264 μεῖζον
692 3185 711 3264 ἤ
731 3207 778 3250 τι(
797 3184 898 3249 οἴεται
917 3183 992 3247 τόδε

288 3298 293 3304 ·
363 3276 498 3354 βροτὸς
517 3274 662 3340 δικάτειν.
1249 3337 1251 3340 .

238 3369 337 3440 „Haeo
355 3369 419 3430 sive
438 3363 467 3428 εἴ
483 3384 542 3441 τιτ,
561 3368 641 3444 quod
659 3367 729 3426 libri
748 3370 779 3426 et
798 3367 890 3428 sohel.
903 3366 1029 3441 hubent,
1052 3365 1116 3425 sive
1133 3361 1152 3439 ἤ
1172 3382 1231 3442 τις,
1256 3367 1318 3427 sive

148 3451 213 3535 ἢεῖ
229 3473 276 3516 τι(
295 3453 409 3526 scribis,
429 3458 467 3516 nb
485 3458 541 3516 hoe
558 3457 622 3516 loeo
641 3456 739 3514 aliens
753 3459 831 3515 sunt.
865 3455 944 3512 Num
959 3454 986 3514 si
998 3454 1134 3514 Minerva
1151 3473 1214 3514 rem
1228 3455 1319 3515 meio-

148 3567 212 3608 rem
226 3564 291 3605 esse
305 3547 458 3620 praedicet
472 3564 563 3621 quam
572 3544 720 3606 e'morteli
734 3543 920 3619 diiudicetur,
934 3562 1030 3618 neque
1040 3540 1140 3602 Oresti
1149 3545 1318 3619 respondet,

148 3636 200 3714 qui
217 3654 281 3693 rem
300 3636 382 3709 dese,
399 3653 459 3694 non
477 3634 639 3706 hominnm,
658 3633 765 3693 iudioio
785 3632 974 3694 commiserat
990 3651 1087 3708 neque
1102 3632 1238 3708 sibiipsa
1252 3652 1318 3693 eon·

149 3728 224 3798 stet,
248 3723 358 3800 quippe
381 3742 459 3800 quse
483 3723 607 3782 eundem
625 3739 689 3782 rem
708 3722 822 3782 civibus
841 3721 904 3781 suis
923 3721 1117 3781 commissura
1136 3721 1185 3780 sit.
1226 3721 1257 3780 Si
1282 3741 1318 3780 ex

148 3813 257 3874 Prienii
282 3811 528 3888 interpretatione
553 3801 641 3892 [ques
664 3811 727 3870 sola
749 3811 848 3870 verbis
872 3807 1045 3886 respondet]
1070 3809 1142 3868 dieit
1164 3829 1229 3870 rem
1251 3829 1319 3888 grs-

146 3905 259 3966 viorem
283 3918 347 3962 esse
376 3919 466 3984 quem
483 3899 632 3974 mortalis,
659 3900 677 3958 i.
698 3919 722 3959 e.
742 3899 876 3974 Orestes,
896 3898 1046 3976 opinetur,
1069 3917 1106 3960 ne
1124 3899 1181 3958 hoo
1198 3899 1318 3974 quidem

148 3996 252 4070 aptum
272 3992 327 4050 est.
366 3987 488 4050 Orestes
508 3989 586 4048 enim
605 4007 665 4048 non
682 3989 779 4048 levem
798 3989 890 4048 hebet
909 4006 975 4047 eum
994 4005 1122 4064 oensem,
1141 4007 1231 4064 quem
1245 3989 1318 4049 dese

20 4071 27 4083 ’
149 4077 387 4159 sapientissimae
401 4077 569 4152 committit,
584 4077 720 4154 idemque
734 4097 779 4137 vs.
793 4080 857 4137 416
872 4078 980 4136 Furiae
995 4073 1153 4136 fenerent.“
1183 4075 1319 4152 Apposui

147 4170 240 4231 verba
257 4167 368 4240 Weilii,
387 4168 457 4243 quie
475 4185 534 4226 non
548 4169 648 4244 potest
661 4167 719 4226 loci
733 4167 904 4242 corruptele
916 4165 1097 4225 luculentius
1111 4164 1318 4226 demonstrari.

148 4260 222 4320 Inde
240 4261 342 4318 temen
360 4257 482 4318 minime
501 4256 637 4333 sequitur
655 4254 811 4314 dicendum
831 4256 936 4316 fuisse:
964 4255 1050 4313 haec
1067 4253 1114 4313 lis
1132 4254 1244 4316 maior
1263 4258 1318 4314 est

148 4349 192 4409 ed
207 4347 590 4423 diiudicandumqusm
604 4363 665 4403 ese
679 4363 770 4420 quae
783 4345 880 4432 inter
894 4341 1053 4402 homines
1069 4343 1272 4422 agitentur,
1287 4347 1318 4402 et
