3084 4958
219 169 283 236 162
642 171 677 226 Η.
691 185 745 226 van
759 169 939 226 Henwerden:

299 337 436 400 CCCXX.
459 331 520 398 εἴτ’
538 334 597 399 οὐν
616 338 764 413 εοφιετῆε
784 333 880 398 καλὰ
899 333 1128 412 παραπαίων
1152 335 1258 412 χέλυν.

306 428 369 488 Ιαιο
388 447 472 488 vero:

307 604 471 666 cccxxi.
494 599 886 681 Ηαιρ.ε.τ.μαλαιτίζομεν.
913 600 1066 680 Αἰεχύλοε
1090 601 1392 682 ἐλαδιωκεκμῆτι

221 689 362 770 μαλκίων
380 689 463 755 ποδί.
496 693 666 756 Dindorfius
686 694 711 754 si
725 694 915 770 cognovisset
933 693 1101 754 evidentem
1115 714 1212 754 meam
1227 687 1273 775 (in
1286 695 1394 755 Exere.

217 783 282 844 crit.
296 802 365 859 pag.
381 777 414 862 6)
429 783 677 844 emendationem:
697 777 777 856 ἔλα,
797 777 923 856 δίωκε,
947 779 992 858 μή
1011 799 1045 844 τι
1065 777 1206 855 μαλκίων
1225 778 1311 858 ποδί,
1324 803 1391 843 non

218 872 373 946 edidisset,
405 872 523 948 opinor,
553 891 620 931 cum
639 867 810 930 Hermanno
836 889 912 946 quae
940 871 1084 948 oppositis
1105 872 1263 932 'frontibus
1289 891 1392 932 secum

217 964 366 1037 pugnant:
395 955 467 1035 ἔλα,
491 954 582 1020 δίωκ’
601 954 734 1034 ἀκμῆτι
752 954 893 1034 μαλκίων
912 955 995 1019 ποδί.
1037 958 1081 1018 Cf.
1096 959 1195 1020 Cobet
1213 961 1323 1020 Mnem.
1342 959 1391 1020 III

215 1067 284 1126 pag.
300 1051 373 1110 107.

309 1135 472 1198 CCCLXX.
504 1137 584 1196 Plut.
598 1137 672 1198 Mor.
691 1157 719 1212 p.
741 1137 842 1196 6251)
867 1133 897 1197 oi
915 1132 976 1212 γὰρ
995 1132 1201 1212 πρεεβύτεροι
1219 1131 1332 1212 πόρρω
1350 1134 1391 1196 τὰ

217 1221 384 1300 γράμματα
411 1225 478 1284 τῶν
501 1219 652 1300 ὀμμάτων
680 1219 861 1297 ἀπάγοντεε
885 1220 1166 1299 ἀναγινώεκουειν,
1194 1222 1332 1298 ἐγγύθεν
1356 1221 1391 1286 b'

216 1311 256 1374 οὐ
275 1311 441 1374 δύνανται·
474 1311 524 1373 καὶ
547 1314 644 1373 τοῦτο
668 1312 864 1388 παραδηλῶν
884 1309 902 1373 ὁ
921 1310 1074 1388 Αἰεχύλοε
1097 1310 1192 1389 φηεὶν
1217 1310 1307 1374 οὐδὲ
1326 1309 1391 1374 ἀπ’

217 1399 338 1464 αὐτὸν
356 1399 401 1463 οὐ
418 1399 488 1478 γὰρ
507 1399 671 1476 ἐγγύθεν
685 1400 809 1476 γ’έρων
823 1399 863 1461 δὲ
878 1399 1115 1478 γραμματεῦ(
1130 1403 1245 1474 γενοῦ
1260 1402 1390 1479 εαφήε.

217 1492 347 1552 Adiutus
372 1492 473 1553 verbis
498 1492 686 1573 Plutarcheis
712 1492 743 1549 in
767 1491 921 1550 Exercit.
943 1492 1020 1552 crit
1044 1495 1146 1568 pag.9
1184 1492 1265 1552 haud
1290 1493 1391 1569 inepte
1449 1559 1450 1562 γ

217 1581 290 1642 mihi
305 1581 406 1641 videor
419 1582 534 1640 laceras
549 1581 682 1656 syllabas
697 1573 770 1658 (quo
783 1581 969 1655 corruptelae
983 1592 1097 1658 genere¹
1106 1580 1220 1640 codices
1235 1581 1392 1642 Plutarchi

217 1669 376 1730 Moralium
398 1669 545 1745 imprimis
568 1662 721 1748 laborant)
744 1670 788 1728 ita
811 1669 1009 1744 supplevisse,
1038 1673 1073 1730 ut
1094 1673 1256 1729 nascantur
1278 1689 1391 1732 ¹versus

221 1759 367 1834 Aeschylo
384 1777 445 1820 nou
462 1757 589 1834 indigni:

866 1843 906 1905 εῦ
926 1843 962 1905 δὲ

459 1927 618 2018 ἄπ(ωθεν)
639 1925 821 2015 αὐγ(αε)ον
840 1925 950 2014 (τάδ’),
970 1929 1008 1994 οὐ
1027 1930 1089 2009 γὰρ
1108 1930 1244 2008 ἐγγύθεν

457 2020 564 2099 γέρων
583 2017 637 2102 (ἂν
657 2016 805 2102 οὐ)ῦε(ὶε)
825 2021 1025 2096 γραμματεῦ(
1045 2020 1157 2083 πέλοι
1176 2023 1288 2100 εαφήε.

307 2113 412 2172 Finem
421 2113 529 2172 faciam
538 2113 569 2172 in
579 2111 722 2172 tentando
732 2112 839 2188 fragm.
850 2110 1028 2172 ccchxxi.
1038 2111 1118 2171 Plut.
1128 2113 1202 2172 Mor.
1212 2132 1280 2190 pag.
1292 2113 1392 2174 434A

217 2203 273 2277 τῆε
299 2198 335 2261 ἐν
360 2196 474 2279 Εὐβοίᾳ
498 2197 689 2275 χαλκιτίδοε,
714 2196 746 2260 ἐξ
771 2196 808 2274 ἦε
832 2197 1071 2274 ἐδημιουργεῖτο
1097 2197 1137 2260 τὰ
1162 2201 1391 2278 ψυχρήλατα

220 2291 286 2351 τῶν
305 2290 416 2365 ξιφῶν,
435 2285 479 2349 ὼε
498 2286 649 2364 Αἰεχύλοε
668 2284 773 2364 εἴρηκε

458 2375 567 2454 λαβὼν
586 2375 646 2453 γὰρ
666 2371 908 2438 αὐτόθακτον
927 2372 1079 2453 Εὐβοικὸν
1097 2373 1198 2453 ξίφοε.

310 2468 450 2526 Eruenda
464 2470 510 2528 est
523 2467 692 2528 emendatio
707 2485 742 2524 ex
752 2465 906 2525 Plutarchi
919 2467 1175 2544 interpretatione,
1188 2486 1283 2543 neque
1298 2469 1394 2544 igitur
1441 2507 1444 2510 -

221 2557 333 2632 dubito,
352 2556 424 2631 quin
443 2573 515 2616 vcra
532 2555 620 2614 lectio
639 2555 680 2618 sit
697 2556 782 2614 haec:

457 2640 566 2720 λαβὼν
584 2639 646 2720 γὰρ
664 2637 932 2718 ῦδατόβαπτον
951 2639 1102 2718 Εὐβοικὸν
1121 2639 1222 2718 ξίφος.
1331 2711 1335 2715 ,

310 2730 503 2808 Ψυχρήλατα
526 2733 605 2792 enim
622 2731 785 2792 audiebant
808 2733 870 2791 tela
888 2752 981 2808 quae,
997 2752 1063 2792 cum
1089 2733 1316 2808 fabricarentur,
1340 2736 1393 2793 du-

220 2822 307 2882 randi
331 2840 422 2882 causa
445 2841 524 2898 aqua
547 2815 693 2901 (frigida)
721 2821 961 2897 tingebantur
986 2812 1047 2900 (sic
1070 2822 1149 2882 enim
1172 2815 1299 2904 Latini).
1347 2822 1391 2882 Of.

218 2911 305 2970 Hom.
325 2909 378 2970 Od.
399 2913 427 2983 9,
447 2913 522 2986 3923
541 2909 621 2984 Plut,
638 2911 711 2968 Mor.
730 2929 799 2984 pag.
818 2911 917 2968 136Α
936 2910 974 2968 al.
1015 2909 1057 2968 Ut
1075 2911 1122 2968 hic
1138 2905 1245 2970 ribato
1268 2912 1343 2970 abiit
1361 2912 1393 2972 in

221 2995 314 3077 αὐτο,
336 3017 459 3074 prorsus
483 2999 620 3058 similiter
643 2993 734 3058 ὕδατι
757 2998 789 3056 in
812 2993 891 3078 αὐτῇ
914 2999 1110 3075 depravatum
1134 3003 1182 3058 est
1204 2999 1284 3074 apud
1308 3000 1394 3059 Anti·

221 3089 360 3164 phanem,
379 3090 415 3145 ut
432 3106 528 3162 nuper
547 3087 648 3146 monui
662 3087 700 3146 ad
714 3086 816 3146 Ionem
834 3106 902 3164 pag.
920 3089 981 3146 133
1001 3090 1033 3146 et
1047 3088 1189 3148 Mnemos
1204 3087 1248 3146 VI
1265 3108 1333 3164 pag.
1350 3092 1391 3148 63

221 3168 272 3252 (Ν.
288 3170 341 3255 5.).
378 3176 496 3235 Literas
515 3179 616 3236 autem
637 3176 655 3251 β
669 3177 700 3234 et
714 3179 740 3249 d,
760 3193 783 3234 π
798 3179 828 3234 et
842 3194 860 3235 κ
874 3176 1049 3252 saepissime
1067 3176 1208 3235 confundi
1225 3195 1243 3234 a
1261 3177 1392 3236 librariis

221 3267 327 3324 notum
345 3268 391 3326 est
411 3265 558 3326 omnibus.
598 3265 646 3322 Ad
669 3264 775 3340 pedem
799 3265 972 3340 tribrachyn
996 3264 1037 3324 sio
1059 3264 1188 3324 diuisum
1210 3267 1241 3323 in
1260 3266 1330 3325 sede
1349 3285 1393 3325 se-

223 3353 319 3413 cunda
338 3355 417 3430 apud
436 3354 620 3430 Aeschylum
639 3353 761 3412 consule
779 3351 811 3410 O.
826 3352 858 3410 F.
872 3353 992 3412 Mullcri
1010 3354 1121 3414 librum
1140 3353 1333 3413 utilissimum
1352 3355 1393 3414 de

220 3442 375 3519 pedibus
401 3443 534 3503 solutis
558 3445 628 3502 cett.
648 3460 716 3518 pag.
738 3443 788 3501 21.
830 3441 960 3516 Reperio
979 3443 1057 3518 quod
1080 3461 1184 3503 verum
1204 3445 1250 3502 est
1267 3443 1393 3520 repudio

220 3549 281 3589 una
299 3550 365 3594 cum
385 3532 514 3591 aliorum
533 3531 710 3590 coniecturis
730 3522 950 3607 (αὐτόθηκτον,
974 3525 1161 3604 αὐόθηκτον,
1186 3523 1392 3606 ὑορόθηκτον,

221 3615 319 3680 αὐτὸ(
337 3612 466 3701 θηκτὸν)
483 3639 519 3680 ea
537 3639 612 3696 quae
631 3620 696 3695 ipse
715 3618 825 3678 conieci
844 3619 876 3678 in
893 3619 1230 3680 Exercitationibus
1250 3621 1391 3682 criticis

220 3727 289 3788 pag.
307 3712 325 3768 8
338 3729 380 3788 sq.
