3084 4958
537 202 755 258 Emendatienes
774 205 954 274 Aeschyleae.
1007 173 1008 177 Ἰ

374 373 430 432 uei
449 370 487 449 δή
507 389 544 448 με
564 373 660 448 δεῦρο
679 369 738 447 τὴν
756 367 910 432 τάλαιναν
928 369 1060 448 ἤγαγες;

373 457 470 522 οὐδέν
490 457 566 522 ποτ’
584 457 611 522 εἰ
631 460 670 536 μὴ
691 459 957 536 ξυνθανουμένην.
986 458 1015 521 τί
1033 458 1108 538 γάρ;

148 609 151 615 .
248 554 318 612 Nen
331 552 463 628 recipere
477 571 524 612 me
537 551 634 612 iudice
648 550 820 610 Dinderfius
834 551 1155 612 debueratHermanni
1169 557 1200 614 et
1215 556 1332 616 Franaii

158 644 344 704 coniecturas
369 641 520 715 θροεῖς
543 644 574 700 et
597 636 827 714 ἐπεγχέας.
873 641 1000 701 Prorsus
1025 642 1103 701 enim
1127 644 1202 702 nihil
1225 645 1333 705 chorus

159 725 412 814 (1129—1135)
423 731 507 804 dixit,
527 729 603 789 unde
618 730 737 790 credere
751 732 854 806 posset
868 729 1036 790 Cassandra
1050 731 1173 792 cherum
1187 734 1224 791 ad
1239 734 1333 810 ipsius

157 824 254 882 fatum
272 821 414 880 alludere.
451 819 555 896 Neque
575 819 677 896 chore,
697 819 775 895 quod
793 819 869 878 bene
889 820 1193 895 animadvertendum,
1213 825 1267 882 aut
1284 824 1333 882 bio

158 920 212 971 aut
229 910 301 970 alibi
320 909 432 969 directe
450 908 612 986 respondet
629 909 740 968 misera
760 910 842 968 vates
857 899 948 989 (quae
966 928 1026 968 nen
1044 913 1113 970 ante
1132 930 1177 971 vs.
1194 914 1254 971 117
1259 914 1277 970 8
1295 913 1333 970 ad

157 1000 397 1078 tranquilliorem
418 999 528 1058 mentis
548 1001 662 1059 statum
679 989 784 1078 redit),
804 997 857 1056 sed
874 999 974 1058 mente
991 1000 1105 1074 percita
1124 1000 1186 1058 suis
1205 1003 1333 1074 tantum,

104 1159 109 1166 ,
157 1095 193 1152 ut
218 1085 389 1163 θεόληπτοι
420 1090 529 1161 solent,
565 1087 796 1164 cogitationibus
829 1089 1000 1163 occupatur.
1048 1088 1208 1149 Manifeste
1238 1090 1334 1166 igitur

160 1181 311 1241 Casandro
334 1196 389 1238 sua
410 1179 530 1237 tantum
552 1177 644 1238 verba
663 1172 701 1236 ἰὼ
721 1207 765 1217 -
782 1171 875 1249 τύχαι
893 1177 1027 1253 respicit,
1051 1177 1160 1253 quibus
1186 1197 1218 1238 se
1237 1197 1333 1237 suam-

158 1273 221 1328 met
238 1268 332 1345 ipsius
352 1267 471 1327 caedem
490 1267 659 1344 significare
677 1265 790 1326 indicat
807 1284 898 1326 versu
915 1267 1069 1344 corrupte,
1095 1287 1185 1342 quem
1211 1268 1252 1328 sie
1271 1287 1333 1328 eor·-

43 1402 46 1408 .
157 1359 256 1438 rigere
275 1377 334 1417 non
353 1356 471 1416 dubito:

370 1442 408 1505 τὸ
426 1441 488 1520 γὰρ
507 1441 586 1519 ἐμὸν
604 1437 705 1523 θρόῳ
725 1436 828 1504 πάθος
846 1440 1031 1517 ἐπεγχέω.

157 1555 266 1598 meam
292 1536 384 1595 enim
407 1534 557 1594 clamori
581 1526 684 1614 (mee)
710 1532 956 1593 calamitatem
980 1524 1034 1615 (sc.
1055 1533 1118 1593 eius
1138 1529 1332 1617 mentionem)

158 1625 421 1704 superinfunde
440 1615 626 1705 (admisceo).
659 1617 775 1697 Θρόον,
794 1623 998 1695 clamorem,
1018 1623 1334 1700 vociferationem,

156 1721 227 1794 apte
246 1714 399 1776 Casandra
417 1714 552 1801 appellat
569 1712 711 1772 vaticinia
729 1729 791 1784 sua,
810 1729 887 1787 quae
906 1711 998 1772 fiebili
1016 1731 1088 1772 vocs
1107 1713 1218 1772 crebris
1244 1715 1334 1774 inter·-

156 1808 251 1866 mixta
274 1803 537 1864 exclamationibus
562 1802 633 1862 edit.
674 1801 750 1860 Vide
774 1799 897 1878 κλαγγᾷ
919 1802 1074 1860 ns.1152.
1121 1800 1200 1861 Casu
1229 1805 1334 1879 procul

156 1897 247 1956 dubie
265 1893 386 1970 accidit,
410 1894 445 1951 ut
461 1892 640 1952 vocabulum
660 1890 852 1950 Homericum
875 1883 972 1964 θρόος
990 1889 1079 1949 hodie
1096 1889 1129 1949 iu
1147 1892 1331 1968 tragicorum

157 1985 276 2061 scriptis
293 2000 442 2058 nusquam
461 1983 617 2057 appareat,
641 1979 693 2056 qui
716 1979 815 2041 verbis
834 1980 969 2056 cognatis
994 1975 1150 2054 θρέεςθαι,
1175 1982 1284 2055 θροεῖν
1304 1986 1334 2042 et

157 2074 317 2150 θροεῑςθαι
342 2070 422 2131 haud
447 2088 514 2130 rare
541 2070 587 2129 usi
613 2070 680 2129 sint.
727 2068 873 2138 Quoniam
895 2087 967 2129 nere
991 2068 1103 2129 Graece
1127 2069 1236 2129 dieitur
1263 2072 1333 2145 χεῑν

158 2160 281 2241 φωνήν,
300 2154 457 2236 φθογγόν,
477 2154 586 2234 αὐδήν,
606 2155 710 2232 μέλος,
729 2158 858 2236 θρῆνον,
878 2151 985 2233 γόους,
1005 2157 1122 2232 similia,
1142 2176 1230 2217 usum
1248 2158 1334 2221 verbi

158 2251 309 2326 ἐπεγχεῑν
327 2269 414 2310 neme
433 2249 480 2308 hio
503 2249 568 2308 iure
586 2247 754 2307 mirabitur.
797 2245 969 2323 Scripturas
993 2250 1095 2307 autem
1117 2248 1226 2308 vitium
1250 2250 1333 2308 nulle

157 2343 279 2420 negotio
299 2340 340 2400 sic
359 2338 502 2416 explicari
519 2341 626 2414 potest,
645 2337 725 2413 qued
744 2354 812 2394 cum
831 2354 866 2394 ex
885 2331 980 2415 θρόῳ,
1000 2337 1108 2396 emisso
1123 2322 1257 2396 demere
1271 2337 1334 2396 ieta

157 2431 319 2507 adscripto,
343 2430 457 2489 factum
480 2429 560 2488 esset
582 2429 688 2486 notum
706 2425 890 2503 tragicorum
912 2424 1043 2486 librariis
1063 2423 1166 2502 θροῶ,
1186 2429 1334 2486 corrector

157 2516 304 2594 ἐπεγχὲω
318 2519 402 2578 iuxta
416 2515 502 2592 θροῶ
521 2535 581 2576 nen
603 2515 703 2576 ferens
717 2515 792 2574 illud
811 2515 974 2575 mutaverit
992 2515 1022 2572 in
1036 2514 1234 2594 participium,
1253 2517 1332 2591 qued

156 2610 263 2670 referri
290 2609 392 2684 posset
420 2607 457 2666 ad
481 2604 674 2666 Casandram.
717 2604 834 2663 Vitium
857 2623 920 2664 esse
943 2605 1151 2680 pervetustum
1174 2607 1333 2680 apparete

158 2699 327 2772 scholiasta,
342 2697 394 2773 qui
404 2696 530 2772 explieat
545 2689 784 2770 ςυναναμίξαςα,
799 2694 900 2768 itaque
914 2693 1019 2753 habuit
1029 2695 1098 2752 ante
1109 2692 1209 2752 oeulos
1221 2693 1333 2752 bellum

156 2789 232 2849 illud
250 2783 439 2860 ἐπεγχέαςα,
457 2803 515 2861 que
534 2784 652 2843 numeri
669 2783 778 2842 misere
796 2782 980 2859 iugulantur.

247 2876 320 2936 Post
338 2877 411 2934 haee
430 2874 480 2934 vix
498 2892 620 2933 neeesse
640 2875 686 2932 est
705 2872 802 2932 dicam
819 2872 851 2931 in
869 2891 913 2933 ve.
935 2871 1072 2947 sequenti
1096 2890 1143 2932 me
1167 2871 1246 2929 tueri
1263 2871 1333 2930 libri

158 2967 337 3043 scripturam
349 2961 469 3038 ἤγαγες
488 2965 592 3022 eontra
606 2962 771 3021 Hermanni
785 2961 985 3022 coniecturam
1002 2957 1134 3035 ἤγαγεν,
1153 2979 1243 3036 quam
1262 2960 1334 3020 Din-

159 3056 270 3118 derfius
290 3054 411 3129 recepit.
453 3051 579 3112 Omnino
604 3052 682 3111 euim
711 3051 798 3110 decet
824 3050 952 3109 furentis
974 3069 1134 3124 persenam
1160 3051 1215 3109 illa
1238 3042 1334 3131 (Aga-

159 3138 339 3223 memnonis)
353 3141 577 3218 presepopeeia.
602 3139 646 3200 Cf.
662 3142 746 3200 1107
763 3135 800 3199 ἰὼ
815 3134 959 3213 τάλαινα,
973 3133 1048 3199 τόδε
1064 3135 1126 3214 γὰρ
1140 3137 1252 3199 τελεῖς.
1275 3139 1334 3198 Sed

158 3235 285 3312 cogebat
299 3232 516 3310 Hermaunum,
534 3231 644 3307 quique
664 3249 733 3288 eum
751 3229 847 3288 secuti
865 3231 943 3303 sunt,
962 3247 981 3287 a
999 3228 1099 3288 codice
1118 3229 1271 3289 discedere
1289 3229 1332 3286 in·

159 3324 232 3384 felix
250 3321 454 3399 praecedentis
474 3319 613 3380 versiculi
631 3318 783 3380 correctio.

251 3414 345 3472 1169.
685 3401 760 3468 ἄκος
780 3399 813 3466 δ’
832 3401 929 3466 οὐδὲν
947 3402 1120 3481 ἐπήρκεςεν

373 3496 410 3559 τὸ
431 3496 474 3574 μὴ
495 3491 590 3558 πόλιν
610 3494 667 3573 μὲν
686 3492 791 3570 ὥςπερ
804 3491 871 3559 ,οὖν
890 3490 957 3569 ἔχει
975 3495 1098 3556 παθεῖν.

252 3590 453 3650 Grammatico
471 3587 586 3648 Graeca
603 3604 781 3664 praegressa
799 3585 959 3662 negatione
977 3586 1111 3660 postulat
1130 3582 1169 3659 μὴ
1190 3579 1238 3662 οὐ,
1256 3586 1336 3660 qued

161 3680 277 3740 librarii
296 3679 457 3756 synizesin,
476 3680 512 3737 ut
529 3677 662 3755 videtur,
685 3677 858 3753 ignorantes
883 3693 971 3749 saepe
989 3675 1021 3734 in
1039 3676 1196 3750 poetarum
1215 3674 1334 3750 scriptis

162 3770 384 3829 oblitterarunt.
420 3767 579 3827 Editerum
598 3765 693 3826 estid
716 3764 826 3839 ubique
843 3763 1012 3824 restituere.
1055 3764 1100 3823 De
1118 3765 1174 3824 hoc
1192 3765 1256 3824 lece
1274 3763 1335 3822 iam

162 3859 263 3918 monui
280 3858 313 3916 in
330 3857 450 3918 Exere.
470 3854 555 3916 erit.
573 3877 601 3931 p.
623 3857 673 3916 98.

254 3950 349 4008 1219.
377 3945 490 4007 παῖδες
508 3940 661 4006 θανόντες
680 3937 843 4018 ὡςπερεὶ
862 3938 942 4018 πρὸς
960 3940 1026 4004 τῶν
1045 3937 1160 4018 φίλων,

378 4035 509 4109 χεῖρας
529 4028 687 4112 [κρεῶν]
707 4030 886 4108 πλήθοντες
904 4026 1021 4093 οἰκείας
1042 4030 1137 4106 βορᾶς
1156 4024 1218 4091 κτὲ.

251 4127 350 4198 Recte,
370 4127 405 4184 ut
422 4123 549 4199 videtur,
569 4124 718 4182 Martinus
737 4123 864 4182 correxit
882 4116 931 4181 ὡς
950 4115 998 4181 πό
1004 4136 1091 4196 ρεις.
1128 4119 1186 4180 Sed
1205 4121 1334 4180 absurde

162 4217 248 4293 pueri
267 4233 351 4276 suas
369 4205 493 4294 manus
512 4213 640 4288 propriis
663 4212 802 4272 carnibus
827 4212 952 4287 implere
970 4211 1118 4270 dicuntur.
1149 4209 1269 4286 Aliquis
1288 4209 1335 4267 hie

162 4308 239 4365 latet
267 4324 361 4377 error,
395 4322 464 4364 nam
491 4302 594 4377 procul
622 4299 712 4360 dubie
744 4300 868 4376 implere
896 4318 946 4360 eos
979 4299 1053 4358 dixit
1079 4301 1169 4375 poeta
1195 4317 1333 4374 manum

163 4394 297 4473 patris,
320 4411 429 4470 pueros
453 4391 607 4453 comesuri.
649 4391 790 4450 Fortasse
812 4390 907 4468 igitur
929 4387 1033 4463 κρεῶν
1057 4392 1104 4449 est
1126 4390 1276 4466 glossema
1296 4387 1334 4447 ad
