3084 4958
221 165 285 232 158
649 161 684 218 Η.
702 178 757 215 vsu
775 157 956 214 sarverden

224 335 299 395 satis
317 332 489 392 defenditur
506 333 570 392 loco
590 329 753 404 Euripidae
771 324 821 387 Or.
841 329 905 387 406
933 331 964 386 et
982 326 1139 401 similibus,
1157 347 1232 403 quos
1257 327 1352 388 attuli
1376 329 1413 386 in

222 422 377 484 Exercit.
392 422 471 482 crit
485 439 553 496 pag.
572 423 621 478 11.
658 416 741 478 dl.

313 514 386 571 718.
410 509 497 570 chor.
711 501 776 577 ἐγὼ
797 502 832 564 δὲ
852 501 892 579 μὴ
912 503 1051 578 τυχοῡεα
1068 505 1125 579 τῆε
1145 500 1231 579 δίκη(

440 597 551 674 βαρεῖα
571 591 661 674 χώρᾳ
679 588 753 674 τῇδ’
771 589 909 669 ὁμιλήεω
928 586 1049 652 πάλιν.
1529 643 1530 648 ,

314 682 420 750 Πάλιν
438 705 492 763 pro
513 681 612 758 odere,
630 685 649 745 i.
664 703 689 746 e.
709 679 850 756 ὕιτερον,
864 681 966 740 Attice
979 701 1039 740 non
1051 682 1182 758 ponitur.
1210 682 1410 752 Qruaautem
1529 683 1530 688 ’

227 779 318 840 Dirae
337 777 460 836 diceudo
480 770 577 834 πάλιν
596 775 700 834 contra
717 773 825 848 poetae
842 774 973 830 mentem
987 771 1162 848 indicarent,
1181 790 1212 830 se
1230 771 1291 830 iem
1309 775 1411 832 antea
1519 823 1532 846 ‚1

227 868 348 927 Atticae
367 865 492 923 infestas
512 861 617 936 fuisse,
642 861 746 938 procul
768 859 858 918 dubio
877 859 1085 935 corrigendum
1104 855 1214 933 πάνυ,
1237 861 1318 936 quod
1337 861 1408 920 iun-

225 955 356 1034 gendum
382 973 450 1012 cum
477 951 596 1027 βαρεῖα.
645 950 740 1020 Quam
769 948 1005 1008 emendationem
1030 951 1171 1024 proposui
1201 949 1232 1007 in
1258 948 1408 1008 Studiis

224 1044 382 1115 criticis,
401 1059 468 1117 pag.
484 1043 512 1100 3.
914 1075 917 1080 v

317 1133 390 1191 768.
441 1129 509 1189 τοῖε
528 1121 611 1203 τάμὰ
630 1121 838 1202 παρβαίνουει
857 1124 916 1185 νῦν
936 1118 1106 1199 ὁρκώματα

440 1210 664 1292 ἀμηχάνοιει
684 1210 878 1290 πράξομεν
897 1209 1158 1290 δυεπμαξὶοιε,

228 1309 345 1369 Horum
364 1326 506 1368 versuum
524 1305 639 1368 auctori
658 1303 840 1363 reddendum
861 1302 1004 1378 estquod
1023 1303 1143 1378 scripsit

439 1389 660 1470 ἀμηχάνου(
678 1389 893 1468 παρέξομεν
912 1387 1150 1464 δυεπραξίαι.

228 1490 263 1545 ut
290 1485 464 1560 suspicabar
482 1485 604 1542 Exere.
624 1481 701 1542 crit.
720 1499 788 1558 pag.
810 1482 881 1540 107.
924 1477 994 1540 cos.
1015 1479 1091 1539 Med.
1117 1474 1305 1555 άμηχάνοιε,
1333 1501 1408 1557 apo·

114 1642 118 1654 ,
230 1575 378 1652 graphum
393 1572 604 1648 Augustarum
624 1567 817 1645 παρέξομεν;
837 1569 916 1644 quod
930 1587 1034 1628 rerum
1050 1589 1114 1628 esse
1129 1572 1284 1646 apparete
1300 1570 1407 1630 dativo

228 1663 297 1722 τοῑ(
323 1655 545 1737 παρβαίνουει,
576 1659 629 1736 qui
654 1679 670 1717 e
694 1653 856 1732 πράξομεν
882 1676 1043 1732 suspensus
1070 1677 1135 1717 esse
1162 1657 1274 1734 nequit.
1326 1659 1407 1718 Ecce

227 1754 329 1810 autem
353 1768 471 1822 versus,
501 1749 604 1824 quales
632 1748 782 1822 sequiorcs
811 1764 942 1821 pangere
967 1747 1115 1821 solebant,
1143 1767 1269 1822 quorum
1297 1750 1406 1806 notum

229 1838 367 1898 omnibus
391 1838 564 1912 exemplum·
579 1839 626 1894 est
645 1834 828 1895 Castorionis
848 1833 978 1894 Solensis
997 1836 1076 1910 apud
1096 1834 1204 1894 Athen.
1220 1835 1288 1910 Xp.
1304 1837 1405 1896 454F

228 1945 359 1988 carmen:
813 1949 815 1954 ·
900 1943 902 1950 ’

441 2009 478 2074 (ὲ
499 2009 557 2073 τὸν
579 2008 686 2089 βάλοι(
707 2011 711 2088 Ι
732 2007 960 2085 νιφοκτύπτοιτ
980 2012 985 2086 Ι
1006 2007 1213 2086 δυεχείμερον
1231 2008 1293 2072 κτὲ.

228 2104 295 2164 Vid.
314 2104 438 2163 Porsoni
463 2101 586 2178 Suppl.
610 2102 652 2160 ad
675 2101 827 2176 praefat.
851 2100 892 2158 ad
911 2101 1044 2161 Hecub.
1064 2101 1108 2159 ed.
1126 2120 1194 2177 pag.
1213 2101 1291 2162 XIX.
1329 2102 1404 2160 lndc

231 2211 301 2252 vcro
316 2211 426 2252 novum
442 2193 472 2250 et
487 2191 639 2263 invictum,
659 2191 693 2247 ut
707 2191 819 2265 opinor,
838 2178 1051 2265 argumentum
1063 2167 1177 2248 acced1t
1190 2189 1405 2250 Dindorfianae

230 2281 406 2354 sententiae,
425 2299 484 2340 vsa.
506 2281 568 2340 767
573 2281 679 2340 -774
699 2277 848 2353 Aeschylo
868 2297 932 2337 esse
952 2279 1172 2338 abiudicandos.

320 2371 394 2428 825.
439 2365 508 2428 θεαὶ
540 2367 664 2442 βροτῶν
695 2365 848 2441 ετήεητε
881 2363 1037 2440 δάεκηλον
1063 2361 1171 2440 χθόνα.
1218 2367 1253 2424 In
1280 2368 1406 2427 Exere.

229 2459 309 2517 crit.
328 2478 357 2532 p.
374 2460 435 2516 107
456 2457 566 2514 conieci
585 2450 741 2527 κτίεητε.
786 2455 872 2512 Nunc
891 2455 1096 2514 Liuwoodiunr
1116 2455 1193 2513 idem
1212 2456 1406 2531 proposuisse

231 2548 310 2604 disco
330 2565 346 2602 e
364 2545 458 2603 lexico
473 2543 640 2618 Aeschyleo
656 2533 693 2621 (s.
708 2562 736 2602 v.
749 2533 864 2623 ἵετημι)
880 2542 1033 2616 Dindorfii,
1052 2545 1103 2619 qui
1121 2547 1221 2602 tamen
1240 2546 1405 2620 praeeunte

230 2635 403 2692 Hermanno
422 2632 565 2690 traditam
583 2632 740 2691 lectionem
758 2633 863 2690 tuetur
881 2632 945 2692 loco
964 2630 1127 2708 Sophocleo
1146 2631 1179 2690 0.
1195 2631 1226 2691 0.
1244 2634 1343 2692 1041;

381 2777 386 2782 .
443 2717 517 2794 πρὶν
537 2713 577 2780 άν
597 2719 714 2779 τετῶν
734 2719 797 2780 (ὢν
815 2713 924 2794 κύριον
944 2718 1063 2794 ετήειιι
1082 2719 1212 2781 τέκνων.

232 2811 397 2884 Utriusque
417 2810 519 2868 tamen
536 2809 593 2868 loci
612 2828 671 2867 non
685 2827 807 2883 prorsus
827 2811 951 2867 eandem
970 2811 1117 2868 rationem
1138 2829 1202 2869 esse
1222 2809 1407 2868 crediderim.

231 2899 309 2957 Loco
336 2898 415 2960 enim
440 2897 603 2972 Sophocleo
628 2892 750 2956 ἱετάναι
775 2893 884 2970 κύριον
909 2915 968 2956 non
993 2897 1081 2957 aliter
1100 2898 1212 2957 dictum
1231 2901 1285 2973 cst,
1312 2917 1406 2973 quam

234 2981 355 3046 ἱετάναι
373 2981 444 3044 τινὰ
457 2982 619 3058 τύραννον
633 2978 665 3064 (i.
681 3003 705 3044 e.
720 2978 915 3066 καθιετάναι)
935 2987 1043 3045 dicitur
1057 2985 1089 3044 0.
1105 2987 1138 3045 R.
1154 2988 1228 3059 940,
1242 2986 1313 3046 Ant.
1330 2988 1406 3064 686,

234 3079 268 3134 ut
282 3074 388 3133 Latine
403 3091 462 3132 non
477 3076 596 3132 tautum
611 3073 719 3132 dicitur
738 3074 961 3133 constituere
979 3076 1108 3151 aliquem
1127 3094 1259 3150 regem,
1279 3076 1406 3134 ducem

232 3165 311 3237 sim,
337 3163 388 3220 sed
412 3163 503 3221 etiam
525 3164 668 3238 testem,
692 3165 941 3238 spectatorem.
983 3162 1041 3222 Cic.
1066 3165 1102 3222 de
1126 3167 1201 3224 orat.
1219 3164 1242 3222 Ι.
1271 3182 1334 3239 οαμ.
1350 3166 1407 3223 24:

234 3258 268 3311 tc
287 3270 444 3311 mearum
462 3251 682 3326 ineptiarum
702 3254 832 3310 testem
852 3255 887 3310 et
906 3255 1147 3327 spectatorem
1161 3253 1309 3311 fortuna
1323 3272 1406 3312 con-

232 3341 370 3400 stituit.
409 3339 480 3416 Sed,
499 3343 533 3398 ut
559 3340 787 3398 constituere
812 3341 868 3398 hoc
893 3359 982 3399 sensu
1001 3341 1109 3400 dicitur
1132 3341 1338 3401 tantummodo
1369 3341 1406 3400 de

232 3430 376 3504 personis,
397 3430 441 3508 ite
458 3427 571 3487 Graece
589 3422 724 3498 ἱετάναι;
745 3423 858 3489 κτίζειν
876 3435 979 3490 contra
998 3433 1028 3488 et
1045 3427 1164 3490 τιθέναι
1189 3434 1220 3488 et
1238 3430 1350 3504 ποιεῖν,
1370 3432 1406 3489 ut

233 3519 355 3576 facere
374 3520 405 3575 et
422 3518 588 3590 reddere,
607 3518 645 3575 de
672 3517 820 3592 utrisque,
845 3522 876 3576 et
901 3518 1036 3592 personis
1061 3521 1091 3576 et
1108 3519 1212 3592 rebus,
1234 3522 1406 3594 usurpatur.

236 3605 334 3675 Quare
354 3607 390 3664 de
411 3605 626 3664 emendationis
645 3606 771 3669 veritate
789 3625 848 3664 non
866 3606 966 3664 fuerat
984 3606 1189 3668 dubitandum.

320 3689 510 3755 '845=877.
529 3687 594 3752 ἀπὸ
612 3689 674 3768 γάρ
693 3711 730 3769 με
749 3693 841 3767 τιμάν
860 3693 995 3757 δαναιᾶν
1014 3694 1112 3756 θεῶν

524 3777 723 3857 δυεπάλαμοι
741 3777 821 3857 παρ’
840 3779 938 3842 οὐδὲν
957 3779 1038 3858 ἦραν
1058 3779 1156 3843 δόλοι.

327 3871 473 3948 Suspecta
489 3871 564 3929 mihi
588 3875 635 3930 est
654 3873 802 3947 scriptura
820 3871 913 3945 θεῶν,
934 3891 1000 3930 cum
1019 3872 1189 3948 quiaipsae
1207 3874 1315 3932 Furiae
1333 3875 1405 3932 deae

233 3964 310 4034 sunt,
322 3966 387 4018 tum
399 3959 469 4035 quia
478 3961 533 4019 hoc
542 3961 689 4035 imprimis
698 3960 901 4036 indignantur,
913 3961 992 4035 quod
1000 3963 1074 4019 natu
1084 3962 1210 4020 maiores
1223 3963 1405 4021 iuniorum

234 4050 310 4108 dolis
325 4049 543 4108 circumventae
558 4049 626 4108 sint.
660 4047 704 4106 Of.
717 4050 790 4125 728,
805 4049 877 4120 731,
894 4049 957 4109 778
969 4043 1071 4127 (808).
1103 4050 1216 4110 Idcirco
1231 4051 1407 4110 crediderim

233 4135 334 4197 νέων
353 4156 418 4196 esse
436 4137 597 4214 genuinam
615 4137 781 4211 lectionem,
800 4135 897 4196 θεῶν
912 4132 1147 4213 superscriptrim
1161 4139 1406 4215 interpretamen·
1488 4171 1492 4178 v
1531 4195 1532 4202 ,

233 4230 312 4302 tum,
335 4226 414 4301 quod
440 4245 494 4301 pro
519 4244 553 4285 ea
576 4227 715 4304 migrarit
736 4225 767 4283 in
790 4228 914 4285 textum.
959 4225 1178 4286 Correctioneru
1198 4232 1323 4304 utroque
1343 4229 1405 4288 loco

232 4315 387 4376 confirmat
404 4315 555 4378 Minervae
574 4315 727 4392 responsio
745 4335 788 4376 vs.
807 4317 871 4376 848
883 4333 926 4392 sq.
945 4319 977 4374 et
995 4317 1058 4375 882
1070 4335 1133 4392 sqq.
