<?xml version="1.0" encoding="UTF-8"?>
<!DOCTYPE html PUBLIC "-//W3C//DTD XHTML 1.0 Transitional//EN"
    "http://www.w3.org/TR/xhtml1/DTD/xhtml1-transitional.dtd">
<html xmlns="http://www.w3.org/1999/xhtml" xml:lang="en" lang="en">
 <head>
  <title>
</title>
<meta http-equiv="Content-Type" content="text/html;charset=utf-8" />
  <meta name='ocr-system' content='tesseract 3.04.00' />
  <meta name='ocr-capabilities' content='ocr_page ocr_carea ocr_par ocr_line ocrx_word'/>
</head>
<body>
  <div class='ocr_page' id='page_1' title='image "./emendationesaes00herwgoog_0043.png"; bbox 0 0 3084 4958; ppageno 0'>
   <div class='ocr_carea' id='block_1_1' title="bbox 229 213 966 280">
    <p class='ocr_par' dir='ltr' id='par_1_1' title="bbox 229 213 966 280">
     <span class='ocr_line' id='line_1_1' title="bbox 229 213 966 280; baseline 0.003 -12"><span class='ocrx_word' id='word_1_1' title='bbox 229 213 292 280; x_wconf 85' lang='grc'>156</span> <span class='ocrx_word' id='word_1_2' title='bbox 658 215 691 269; x_wconf 90' lang='grc' dir='ltr'>Η.</span> <span class='ocrx_word' id='word_1_3' title='bbox 712 231 767 271; x_wconf 84' lang='lat' dir='ltr'>ven</span> <span class='ocrx_word' id='word_1_4' title='bbox 785 216 966 272; x_wconf 85' lang='lat' dir='ltr'>Herwerden:</span> 
     </span>
    </p>
   </div>
   <div class='ocr_carea' id='block_1_2' title="bbox 227 383 1418 734">
    <p class='ocr_par' dir='ltr' id='par_1_2' title="bbox 227 383 1418 549">
     <span class='ocr_line' id='line_1_2' title="bbox 227 383 1418 462; baseline 0.001 -17"><span class='ocrx_word' id='word_1_5' title='bbox 227 384 314 445; x_wconf 84' lang='lat' dir='ltr'>valde</span> <span class='ocrx_word' id='word_1_6' title='bbox 333 383 438 444; x_wconf 85' lang='lat' dir='ltr'>dubito</span> <span class='ocrx_word' id='word_1_7' title='bbox 456 403 529 443; x_wconf 90' lang='lat' dir='ltr'>num</span> <span class='ocrx_word' id='word_1_8' title='bbox 546 383 610 460; x_wconf 90' lang='lat' dir='ltr'>ipse</span> <span class='ocrx_word' id='word_1_9' title='bbox 624 384 791 462; x_wconf 82' lang='lat' dir='ltr'><strong>Aeschylus</strong></span> <span class='ocrx_word' id='word_1_10' title='bbox 810 385 1015 460; x_wconf 89' lang='lat' dir='ltr'>intellexisset,</span> <span class='ocrx_word' id='word_1_11' title='bbox 1035 405 1125 462; x_wconf 88' lang='lat' dir='ltr'>quam</span> <span class='ocrx_word' id='word_1_12' title='bbox 1143 387 1189 447; x_wconf 87' lang='lat' dir='ltr'>vir</span> <span class='ocrx_word' id='word_1_13' title='bbox 1209 387 1317 446; x_wconf 89' lang='lat' dir='ltr'>sollers</span> <span class='ocrx_word' id='word_1_14' title='bbox 1340 407 1418 462; x_wconf 90' lang='lat' dir='ltr'>pro-</span> 
     </span>
     <span class='ocr_line' id='line_1_3' title="bbox 227 473 559 549; baseline -0.006 -17"><span class='ocrx_word' id='word_1_15' title='bbox 227 473 328 549; x_wconf 92' lang='lat' dir='ltr'>posuit</span> <span class='ocrx_word' id='word_1_16' title='bbox 346 474 559 533; x_wconf 86' lang='lat' dir='ltr'>coniecturam:</span> 
     </span>
    </p>

    <p class='ocr_par' dir='ltr' id='par_1_3' title="bbox 441 566 1166 648">
     <span class='ocr_line' id='line_1_4' title="bbox 441 566 1166 648; baseline 0.006 -18"><span class='ocrx_word' id='word_1_17' title='bbox 441 567 479 630; x_wconf 87' lang='grc' dir='ltr'>τὸ</span> <span class='ocrx_word' id='word_1_18' title='bbox 498 569 627 646; x_wconf 88' lang='grc' dir='ltr'>πρᾶγμα</span> <span class='ocrx_word' id='word_1_19' title='bbox 646 571 755 645; x_wconf 83' lang='grc' dir='ltr'>μεῖζον</span> <span class='ocrx_word' id='word_1_20' title='bbox 773 570 792 648; x_wconf 88' lang='grc' dir='ltr'>ἢ</span> <span class='ocrx_word' id='word_1_21' title='bbox 813 566 897 632; x_wconf 81' lang='grc' dir='ltr'>εἴτι</span> <span class='ocrx_word' id='word_1_22' title='bbox 917 568 1059 634; x_wconf 81' lang='grc' dir='ltr'>εείεται</span> <span class='ocrx_word' id='word_1_23' title='bbox 1077 569 1166 634; x_wconf 86' lang='grc' dir='ltr'>πόδε</span> 
     </span>
    </p>

    <p class='ocr_par' dir='ltr' id='par_1_4' title="bbox 441 655 812 734">
     <span class='ocr_line' id='line_1_5' title="bbox 441 655 812 734; baseline 0.003 -15"><span class='ocrx_word' id='word_1_24' title='bbox 441 660 597 734; x_wconf 81' lang='grc' dir='ltr'>βροτοῑε</span> <span class='ocrx_word' id='word_1_25' title='bbox 616 655 752 721; x_wconf 82' lang='grc' dir='ltr'>δικάζειν</span> <span class='ocrx_word' id='word_1_26' title='bbox 774 693 812 703; x_wconf 89' lang='grc'>-</span> 
     </span>
    </p>
   </div>
   <div class='ocr_carea' id='block_1_3' title="bbox 226 757 1413 908">
    <p class='ocr_par' dir='ltr' id='par_1_5' title="bbox 226 757 1413 908">
     <span class='ocr_line' id='line_1_6' title="bbox 226 757 1413 838; baseline 0.003 -20"><span class='ocrx_word' id='word_1_27' title='bbox 226 760 257 819; x_wconf 91' lang='lat' dir='ltr'>in</span> <span class='ocrx_word' id='word_1_28' title='bbox 276 778 343 835; x_wconf 90' lang='lat' dir='ltr'>qua,</span> <span class='ocrx_word' id='word_1_29' title='bbox 363 761 398 816; x_wconf 93' lang='lat' dir='ltr'>ut</span> <span class='ocrx_word' id='word_1_30' title='bbox 416 757 453 816; x_wconf 88' lang='lat' dir='ltr'>de</span> <span class='ocrx_word' id='word_1_31' title='bbox 472 757 580 816; x_wconf 86' lang='lat' dir='ltr'>esteris</span> <span class='ocrx_word' id='word_1_32' title='bbox 598 761 722 832; x_wconf 88' lang='lat' dir='ltr'>taceam,</span> <span class='ocrx_word' id='word_1_33' title='bbox 741 759 877 819; x_wconf 88' lang='lat' dir='ltr'>inaudita</span> <span class='ocrx_word' id='word_1_34' title='bbox 896 760 974 820; x_wconf 82' lang='lat' dir='ltr'>foret</span> <span class='ocrx_word' id='word_1_35' title='bbox 993 761 1137 820; x_wconf 89' lang='lat' dir='ltr'>eiusmodi</span> <span class='ocrx_word' id='word_1_36' title='bbox 1152 762 1339 838; x_wconf 85' lang='lat' dir='ltr'><strong>pronominis</strong></span> <span class='ocrx_word' id='word_1_37' title='bbox 1355 763 1413 822; x_wconf 86' lang='lat' dir='ltr'>de-</span> 
     </span>
     <span class='ocr_line' id='line_1_7' title="bbox 226 845 580 908; baseline -0.006 -1"><span class='ocrx_word' id='word_1_38' title='bbox 226 847 417 908; x_wconf 82' lang='lat' dir='ltr'>monstrativi</span> <span class='ocrx_word' id='word_1_39' title='bbox 434 845 580 906; x_wconf 88' lang='lat' dir='ltr'>traiectio.</span> 
     </span>
    </p>
   </div>
   <div class='ocr_carea' id='block_1_4' title="bbox 225 943 1414 1288">
    <p class='ocr_par' dir='ltr' id='par_1_6' title="bbox 225 943 1414 1288">
     <span class='ocr_line' id='line_1_8' title="bbox 317 943 1414 1022; baseline 0.003 -19"><span class='ocrx_word' id='word_1_40' title='bbox 317 945 425 1020; x_wconf 86' lang='lat' dir='ltr'>Spreta</span> <span class='ocrx_word' id='word_1_41' title='bbox 450 943 544 1018; x_wconf 81' lang='lat' dir='ltr'>igitur</span> <span class='ocrx_word' id='word_1_42' title='bbox 562 944 618 1002; x_wconf 88' lang='lat' dir='ltr'>hac</span> <span class='ocrx_word' id='word_1_43' title='bbox 637 943 782 1018; x_wconf 86' lang='lat' dir='ltr'>opinione,</span> <span class='ocrx_word' id='word_1_44' title='bbox 803 949 907 1005; x_wconf 92' lang='lat' dir='ltr'>auctor</span> <span class='ocrx_word' id='word_1_45' title='bbox 925 964 992 1004; x_wconf 92' lang='lat' dir='ltr'>sum</span> <span class='ocrx_word' id='word_1_46' title='bbox 1011 948 1053 1019; x_wconf 92' lang='lat' dir='ltr'>ut,</span> <span class='ocrx_word' id='word_1_47' title='bbox 1071 946 1183 1022; x_wconf 25' lang='lat' dir='ltr'>quod-a</span> <span class='ocrx_word' id='word_1_48' title='bbox 1195 947 1294 1022; x_wconf 88' lang='lat' dir='ltr'>prime</span> <span class='ocrx_word' id='word_1_49' title='bbox 1312 967 1414 1006; x_wconf 89' lang='lat' dir='ltr'>manu</span> 
     </span>
     <span class='ocr_line' id='line_1_9' title="bbox 225 1029 1413 1110; baseline 0.002 -17"><span class='ocrx_word' id='word_1_50' title='bbox 225 1035 301 1094; x_wconf 86' lang='lat' dir='ltr'>liber</span> <span class='ocrx_word' id='word_1_51' title='bbox 324 1033 401 1092; x_wconf 86' lang='lat' dir='ltr'>Med.</span> <span class='ocrx_word' id='word_1_52' title='bbox 419 1033 526 1106; x_wconf 89' lang='lat' dir='ltr'>habet,</span> <span class='ocrx_word' id='word_1_53' title='bbox 547 1032 672 1106; x_wconf 85' lang='grc' dir='ltr'>βροτοῖε</span> <span class='ocrx_word' id='word_1_54' title='bbox 691 1037 825 1093; x_wconf 86' lang='lat' dir='ltr'>mutetur</span> <span class='ocrx_word' id='word_1_55' title='bbox 847 1035 880 1092; x_wconf 91' lang='lat' dir='ltr'>in</span> <span class='ocrx_word' id='word_1_56' title='bbox 899 1029 1073 1109; x_wconf 87' lang='grc' dir='ltr'>βροτούε,</span> <span class='ocrx_word' id='word_1_57' title='bbox 1096 1037 1177 1110; x_wconf 89' lang='lat' dir='ltr'>quod</span> <span class='ocrx_word' id='word_1_58' title='bbox 1195 1037 1235 1094; x_wconf 90' lang='lat' dir='ltr'>sit</span> <span class='ocrx_word' id='word_1_59' title='bbox 1253 1036 1413 1096; x_wconf 86' lang='lat' dir='ltr'>obiectum</span> 
     </span>
     <span class='ocr_line' id='line_1_10' title="bbox 227 1115 1411 1200; baseline 0 -16"><span class='ocrx_word' id='word_1_60' title='bbox 227 1122 312 1184; x_wconf 89' lang='lat' dir='ltr'>verbi</span> <span class='ocrx_word' id='word_1_61' title='bbox 333 1115 482 1194; x_wconf 76' lang='grc' dir='ltr'>δικάζειν,</span> <span class='ocrx_word' id='word_1_62' title='bbox 510 1123 545 1180; x_wconf 93' lang='lat' dir='ltr'>ut</span> <span class='ocrx_word' id='word_1_63' title='bbox 563 1121 712 1180; x_wconf 89' lang='lat' dir='ltr'>sententia</span> <span class='ocrx_word' id='word_1_64' title='bbox 731 1122 784 1181; x_wconf 90' lang='lat' dir='ltr'>sit:</span> <span class='ocrx_word' id='word_1_65' title='bbox 802 1123 898 1183; x_wconf 87' lang='lat' dir='ltr'>Haec</span> <span class='ocrx_word' id='word_1_66' title='bbox 916 1141 973 1182; x_wconf 92' lang='lat' dir='ltr'>res</span> <span class='ocrx_word' id='word_1_67' title='bbox 992 1123 1106 1182; x_wconf 77' lang='lat' dir='ltr'>maior</span> <span class='ocrx_word' id='word_1_68' title='bbox 1125 1129 1179 1184; x_wconf 87' lang='lat' dir='ltr'>est</span> <span class='ocrx_word' id='word_1_69' title='bbox 1197 1143 1301 1200; x_wconf 89' lang='lat' dir='ltr'>quam</span> <span class='ocrx_word' id='word_1_70' title='bbox 1320 1126 1411 1200; x_wconf 91' lang='lat' dir='ltr'>quis</span> 
     </span>
     <span class='ocr_line' id='line_1_11' title="bbox 226 1209 1410 1288; baseline 0.002 -18"><span class='ocrx_word' id='word_1_71' title='bbox 226 1212 345 1288; x_wconf 90' lang='lat' dir='ltr'>putet,</span> <span class='ocrx_word' id='word_1_72' title='bbox 364 1209 539 1269; x_wconf 84' lang='lat' dir='ltr'>iudicium</span> <span class='ocrx_word' id='word_1_73' title='bbox 558 1229 725 1270; x_wconf 88' lang='lat' dir='ltr'>exercere</span> <span class='ocrx_word' id='word_1_74' title='bbox 744 1212 785 1270; x_wconf 91' lang='lat' dir='ltr'>de</span> <span class='ocrx_word' id='word_1_75' title='bbox 803 1210 1029 1272; x_wconf 79' lang='lat' dir='ltr'><strong>mortalibus,</strong></span> <span class='ocrx_word' id='word_1_76' title='bbox 1061 1213 1196 1274; x_wconf 89' lang='lat' dir='ltr'>Minerva</span> <span class='ocrx_word' id='word_1_77' title='bbox 1215 1232 1317 1272; x_wconf 85' lang='lat' dir='ltr'>orsaa</span> <span class='ocrx_word' id='word_1_78' title='bbox 1337 1233 1410 1273; x_wconf 91' lang='lat' dir='ltr'>sen-</span> 
     </span>
    </p>
   </div>
   <div class='ocr_carea' id='block_1_5' title="bbox 226 1299 1531 1556">
    <p class='ocr_par' dir='ltr' id='par_1_7' title="bbox 226 1299 1531 1556">
     <span class='ocr_line' id='line_1_12' title="bbox 227 1299 1531 1378; baseline 0.002 -20"><span class='ocrx_word' id='word_1_79' title='bbox 227 1299 323 1359; x_wconf 87' lang='lat' dir='ltr'>tentia</span> <span class='ocrx_word' id='word_1_80' title='bbox 341 1299 475 1374; x_wconf 85' lang='lat' dir='ltr'>generali</span> <span class='ocrx_word' id='word_1_81' title='bbox 495 1299 537 1358; x_wconf 90' lang='lat' dir='ltr'>sic</span> <span class='ocrx_word' id='word_1_82' title='bbox 554 1299 649 1358; x_wconf 83' lang='lat' dir='ltr'>ferme</span> <span class='ocrx_word' id='word_1_83' title='bbox 662 1300 865 1361; x_wconf 79' lang='lat' dir='ltr'>ratiocinatur.</span> <span class='ocrx_word' id='word_1_84' title='bbox 897 1299 1002 1378; x_wconf 82' lang='lat' dir='ltr'>„Quod</span> <span class='ocrx_word' id='word_1_85' title='bbox 1014 1302 1111 1376; x_wconf 91' lang='lat' dir='ltr'>prima</span> <span class='ocrx_word' id='word_1_86' title='bbox 1126 1302 1201 1361; x_wconf 89' lang='lat' dir='ltr'>facie</span> <span class='ocrx_word' id='word_1_87' title='bbox 1215 1299 1302 1378; x_wconf 91' lang='lat' dir='ltr'>(deae</span> <span class='ocrx_word' id='word_1_88' title='bbox 1317 1323 1412 1378; x_wconf 91' lang='lat' dir='ltr'>prae·</span> <span class='ocrx_word' id='word_1_89' title='bbox 1530 1341 1531 1360; x_wconf 59' lang='grc' dir='ltr'>ι</span> 
     </span>
     <span class='ocr_line' id='line_1_13' title="bbox 228 1381 1531 1468; baseline 0.002 -20"><span class='ocrx_word' id='word_1_90' title='bbox 228 1381 347 1468; x_wconf 83' lang='lat' dir='ltr'>sertim)</span> <span class='ocrx_word' id='word_1_91' title='bbox 371 1387 459 1447; x_wconf 87' lang='lat' dir='ltr'>facile</span> <span class='ocrx_word' id='word_1_92' title='bbox 483 1387 580 1463; x_wconf 82' lang='lat' dir='ltr'><strong>possit</strong></span> <span class='ocrx_word' id='word_1_93' title='bbox 602 1387 707 1462; x_wconf 78' lang='lat' dir='ltr'>uideri,</span> <span class='ocrx_word' id='word_1_94' title='bbox 730 1389 761 1447; x_wconf 88' lang='lat' dir='ltr'>id</span> <span class='ocrx_word' id='word_1_95' title='bbox 780 1392 827 1448; x_wconf 89' lang='lat' dir='ltr'>est</span> <span class='ocrx_word' id='word_1_96' title='bbox 846 1390 919 1448; x_wconf 87' lang='lat' dir='ltr'>satis</span> <span class='ocrx_word' id='word_1_97' title='bbox 943 1408 1050 1466; x_wconf 82' lang='lat' dir='ltr'>grave3</span> <span class='ocrx_word' id='word_1_98' title='bbox 1072 1409 1126 1448; x_wconf 91' lang='lat' dir='ltr'>nec</span> <span class='ocrx_word' id='word_1_99' title='bbox 1152 1410 1224 1452; x_wconf 88' lang='lat' dir='ltr'>voro</span> <span class='ocrx_word' id='word_1_100' title='bbox 1243 1391 1317 1450; x_wconf 88' lang='lat' dir='ltr'>mihi</span> <span class='ocrx_word' id='word_1_101' title='bbox 1335 1392 1412 1450; x_wconf 90' lang='lat' dir='ltr'>licet</span> <span class='ocrx_word' id='word_1_102' title='bbox 1530 1387 1531 1414; x_wconf 63' lang='lat'>¹</span> 
     </span>
     <span class='ocr_line' id='line_1_14' title="bbox 226 1473 1531 1556; baseline 0.002 -20"><span class='ocrx_word' id='word_1_103' title='bbox 226 1478 285 1554; x_wconf 93' lang='lat' dir='ltr'>ipsi</span> <span class='ocrx_word' id='word_1_104' title='bbox 299 1478 373 1537; x_wconf 86' lang='lat' dir='ltr'>hanc</span> <span class='ocrx_word' id='word_1_105' title='bbox 388 1495 509 1536; x_wconf 88' lang='lat' dir='ltr'>causam</span> <span class='ocrx_word' id='word_1_106' title='bbox 523 1477 695 1537; x_wconf 80' lang='lat' dir='ltr'>decernere:</span> <span class='ocrx_word' id='word_1_107' title='bbox 715 1480 746 1536; x_wconf 85' lang='lat' dir='ltr'>te</span> <span class='ocrx_word' id='word_1_108' title='bbox 761 1478 847 1552; x_wconf 88' lang='lat' dir='ltr'>enim,</span> <span class='ocrx_word' id='word_1_109' title='bbox 863 1478 1027 1554; x_wconf 83' lang='lat' dir='ltr'>supplicem</span> <span class='ocrx_word' id='word_1_110' title='bbox 1046 1499 1153 1552; x_wconf 87' lang='lat' dir='ltr'>meum,</span> <span class='ocrx_word' id='word_1_111' title='bbox 1168 1480 1309 1556; x_wconf 84' lang='lat' dir='ltr'>religioni</span> <span class='ocrx_word' id='word_1_112' title='bbox 1328 1481 1408 1539; x_wconf 85' lang='lat' dir='ltr'>duco</span> <span class='ocrx_word' id='word_1_113' title='bbox 1530 1473 1531 1518; x_wconf 52' lang='grc' dir='ltr'><em>ἕ</em></span> 
     </span>
    </p>
   </div>
   <div class='ocr_carea' id='block_1_6' title="bbox 228 1566 1408 1639">
    <p class='ocr_par' dir='ltr' id='par_1_8' title="bbox 228 1566 1408 1639">
     <span class='ocr_line' id='line_1_15' title="bbox 228 1566 1408 1639; baseline 0.002 -13"><span class='ocrx_word' id='word_1_114' title='bbox 228 1568 434 1639; x_wconf 88' lang='lat' dir='ltr'>condemnare,</span> <span class='ocrx_word' id='word_1_115' title='bbox 449 1566 557 1624; x_wconf 89' lang='lat' dir='ltr'>harum</span> <span class='ocrx_word' id='word_1_116' title='bbox 571 1585 642 1626; x_wconf 86' lang='lat' dir='ltr'>vero</span> <span class='ocrx_word' id='word_1_117' title='bbox 657 1569 687 1624; x_wconf 91' lang='lat' dir='ltr'>te</span> <span class='ocrx_word' id='word_1_118' title='bbox 702 1566 841 1626; x_wconf 91' lang='lat' dir='ltr'>absoluto</span> <span class='ocrx_word' id='word_1_119' title='bbox 855 1567 987 1626; x_wconf 88' lang='lat' dir='ltr'>furorem</span> <span class='ocrx_word' id='word_1_120' title='bbox 1001 1567 1170 1627; x_wconf 83' lang='lat' dir='ltr'>reformido.</span> <span class='ocrx_word' id='word_1_121' title='bbox 1201 1569 1408 1628; x_wconf 87' lang='lat' dir='ltr'>Nihilominus</span> 
     </span>
    </p>
   </div>
   <div class='ocr_carea' id='block_1_7' title="bbox 228 1653 1531 1733">
    <p class='ocr_par' dir='ltr' id='par_1_9' title="bbox 228 1653 1531 1733">
     <span class='ocr_line' id='line_1_16' title="bbox 228 1653 1531 1733; baseline 0 -18"><span class='ocrx_word' id='word_1_122' title='bbox 228 1677 296 1716; x_wconf 92' lang='lat' dir='ltr'>cum</span> <span class='ocrx_word' id='word_1_123' title='bbox 319 1674 367 1714; x_wconf 90' lang='lat' dir='ltr'>res</span> <span class='ocrx_word' id='word_1_124' title='bbox 393 1673 426 1714; x_wconf 93' lang='lat' dir='ltr'>eo</span> <span class='ocrx_word' id='word_1_125' title='bbox 450 1654 573 1713; x_wconf 90' lang='lat' dir='ltr'>redierit</span> <span class='ocrx_word' id='word_1_126' title='bbox 595 1657 631 1713; x_wconf 90' lang='lat' dir='ltr'>ut</span> <span class='ocrx_word' id='word_1_127' title='bbox 655 1655 768 1730; x_wconf 89' lang='lat' dir='ltr'>aliquid</span> <span class='ocrx_word' id='word_1_128' title='bbox 792 1657 832 1714; x_wconf 89' lang='lat' dir='ltr'>sit</span> <span class='ocrx_word' id='word_1_129' title='bbox 854 1656 928 1714; x_wconf 89' lang='lat' dir='ltr'>mihi</span> <span class='ocrx_word' id='word_1_130' title='bbox 950 1656 1133 1731; x_wconf 90' lang='lat' dir='ltr'>faciendum,</span> <span class='ocrx_word' id='word_1_131' title='bbox 1158 1657 1316 1717; x_wconf 75' lang='lat' dir='ltr'>instituam</span> <span class='ocrx_word' id='word_1_132' title='bbox 1338 1677 1409 1733; x_wconf 91' lang='lat' dir='ltr'>per·</span> <span class='ocrx_word' id='word_1_133' title='bbox 1530 1653 1531 1664; x_wconf 72' lang='grc'>’</span> 
     </span>
    </p>
   </div>
   <div class='ocr_carea' id='block_1_8' title="bbox 229 1743 1407 1821">
    <p class='ocr_par' dir='ltr' id='par_1_10' title="bbox 229 1743 1407 1821">
     <span class='ocr_line' id='line_1_17' title="bbox 229 1743 1407 1821; baseline 0.003 -18"><span class='ocrx_word' id='word_1_134' title='bbox 229 1746 354 1820; x_wconf 89' lang='lat' dir='ltr'>petuum</span> <span class='ocrx_word' id='word_1_135' title='bbox 375 1743 496 1818; x_wconf 85' lang='lat' dir='ltr'>aliquod</span> <span class='ocrx_word' id='word_1_136' title='bbox 514 1743 658 1802; x_wconf 89' lang='lat' dir='ltr'>iudicium</span> <span class='ocrx_word' id='word_1_137' title='bbox 677 1763 693 1802; x_wconf 88' lang='lat' dir='ltr'>e</span> <span class='ocrx_word' id='word_1_138' title='bbox 712 1744 825 1804; x_wconf 88' lang='lat' dir='ltr'>civibus</span> <span class='ocrx_word' id='word_1_139' title='bbox 844 1744 918 1803; x_wconf 90' lang='lat' dir='ltr'>meis</span> <span class='ocrx_word' id='word_1_140' title='bbox 943 1748 1094 1818; x_wconf 85' lang='lat' dir='ltr'>constans,</span> <span class='ocrx_word' id='word_1_141' title='bbox 1121 1745 1185 1821; x_wconf 84' lang='lat' dir='ltr'>qui,</span> <span class='ocrx_word' id='word_1_142' title='bbox 1211 1765 1302 1805; x_wconf 89' lang='lat' dir='ltr'>causa</span> <span class='ocrx_word' id='word_1_143' title='bbox 1321 1747 1407 1806; x_wconf 90' lang='lat' dir='ltr'>testi-</span> 
     </span>
    </p>
   </div>
   <div class='ocr_carea' id='block_1_9' title="bbox 227 1832 1406 1981">
    <p class='ocr_par' dir='ltr' id='par_1_11' title="bbox 227 1832 1406 1981">
     <span class='ocr_line' id='line_1_18' title="bbox 227 1832 1406 1912; baseline 0.002 -21"><span class='ocrx_word' id='word_1_144' title='bbox 227 1833 334 1893; x_wconf 91' lang='lat' dir='ltr'>moniis</span> <span class='ocrx_word' id='word_1_145' title='bbox 358 1837 389 1890; x_wconf 90' lang='lat' dir='ltr'>et</span> <span class='ocrx_word' id='word_1_146' title='bbox 415 1832 601 1908; x_wconf 85' lang='lat' dir='ltr'>argumentis</span> <span class='ocrx_word' id='word_1_147' title='bbox 629 1832 704 1892; x_wconf 91' lang='lat' dir='ltr'>bene</span> <span class='ocrx_word' id='word_1_148' title='bbox 731 1833 881 1910; x_wconf 82' lang='lat' dir='ltr'>utrimque</span> <span class='ocrx_word' id='word_1_149' title='bbox 904 1834 1052 1892; x_wconf 88' lang='lat' dir='ltr'>instructa</span> <span class='ocrx_word' id='word_1_150' title='bbox 1077 1837 1108 1893; x_wconf 89' lang='lat' dir='ltr'>et</span> <span class='ocrx_word' id='word_1_151' title='bbox 1134 1839 1232 1909; x_wconf 87' lang='lat' dir='ltr'>orata,</span> <span class='ocrx_word' id='word_1_152' title='bbox 1260 1836 1406 1912; x_wconf 87' lang='lat' dir='ltr'>suffragia</span> 
     </span>
     <span class='ocr_line' id='line_1_19' title="bbox 229 1920 589 1981; baseline -0.006 0"><span class='ocrx_word' id='word_1_153' title='bbox 229 1923 328 1981; x_wconf 82' lang='lat' dir='ltr'>ferant</span> <span class='ocrx_word' id='word_1_154' title='bbox 346 1920 464 1980; x_wconf 88' lang='lat' dir='ltr'>iurati.“</span> <span class='ocrx_word' id='word_1_155' title='bbox 502 1920 534 1980; x_wconf 80' lang='lat' dir='ltr'>G.</span> <span class='ocrx_word' id='word_1_156' title='bbox 553 1920 589 1979; x_wconf 88' lang='lat' dir='ltr'>A.</span> 
     </span>
    </p>
   </div>
   <div class='ocr_carea' id='block_1_10' title="bbox 228 2011 1406 2364">
    <p class='ocr_par' dir='ltr' id='par_1_12' title="bbox 228 2011 1406 2364">
     <span class='ocr_line' id='line_1_20' title="bbox 317 2011 1174 2095; baseline 0.004 -17"><span class='ocrx_word' id='word_1_157' title='bbox 317 2020 391 2079; x_wconf 81' lang='grc'>476.</span> <span class='ocrx_word' id='word_1_158' title='bbox 420 2013 512 2078; x_wconf 88' lang='grc' dir='ltr'>αὗται</span> <span class='ocrx_word' id='word_1_159' title='bbox 533 2011 564 2077; x_wconf 82' lang='grc' dir='ltr'>δ’</span> <span class='ocrx_word' id='word_1_160' title='bbox 584 2013 690 2091; x_wconf 85' lang='grc' dir='ltr'>έχοοει</span> <span class='ocrx_word' id='word_1_161' title='bbox 710 2019 825 2092; x_wconf 85' lang='grc' dir='ltr'>μοῖραν</span> <span class='ocrx_word' id='word_1_162' title='bbox 844 2015 902 2078; x_wconf 91' lang='grc' dir='ltr'>οὐκ</span> <span class='ocrx_word' id='word_1_163' title='bbox 922 2015 1174 2095; x_wconf 85' lang='grc' dir='ltr'>εὐπέμπελον.</span> 
     </span>
     <span class='ocr_line' id='line_1_21' title="bbox 228 2105 1405 2188; baseline 0.004 -22"><span class='ocrx_word' id='word_1_164' title='bbox 228 2109 294 2168; x_wconf 90' lang='lat' dir='ltr'>Vox</span> <span class='ocrx_word' id='word_1_165' title='bbox 326 2109 419 2168; x_wconf 88' lang='lat' dir='ltr'>semel</span> <span class='ocrx_word' id='word_1_166' title='bbox 450 2109 540 2181; x_wconf 88' lang='lat' dir='ltr'>lecta,</span> <span class='ocrx_word' id='word_1_167' title='bbox 577 2127 666 2182; x_wconf 86' lang='lat' dir='ltr'>quam</span> <span class='ocrx_word' id='word_1_168' title='bbox 704 2106 800 2168; x_wconf 83' lang='lat' dir='ltr'>Schol</span> <span class='ocrx_word' id='word_1_169' title='bbox 834 2109 963 2185; x_wconf 85' lang='lat' dir='ltr'>explicat</span> <span class='ocrx_word' id='word_1_170' title='bbox 997 2105 1245 2185; x_wconf 86' lang='grc' dir='ltr'>εὐπαραίτητον,</span> <span class='ocrx_word' id='word_1_171' title='bbox 1279 2107 1405 2188; x_wconf 86' lang='grc' dir='ltr'>εὐχερῆ,</span> 
     </span>
     <span class='ocr_line' id='line_1_22' title="bbox 229 2190 1405 2276; baseline 0.001 -19"><span class='ocrx_word' id='word_1_172' title='bbox 229 2192 438 2271; x_wconf 86' lang='grc' dir='ltr'>εὐάρεετον</span> <span class='ocrx_word' id='word_1_173' title='bbox 463 2190 657 2275; x_wconf 74' lang='lat' dir='ltr'>(elflesych.</span> <span class='ocrx_word' id='word_1_174' title='bbox 677 2194 945 2273; x_wconf 79' lang='grc' dir='ltr'>δοιπέμφελοε</span> <span class='ocrx_word' id='word_1_175' title='bbox 966 2229 1003 2238; x_wconf 90' lang='grc'>-</span> <span class='ocrx_word' id='word_1_176' title='bbox 1027 2192 1277 2276; x_wconf 82' lang='grc' dir='ltr'>δυεάρεετοε)</span> <span class='ocrx_word' id='word_1_177' title='bbox 1305 2201 1405 2259; x_wconf 88' lang='lat' dir='ltr'>nescio</span> 
     </span>
     <span class='ocr_line' id='line_1_23' title="bbox 228 2285 1406 2364; baseline 0.003 -19"><span class='ocrx_word' id='word_1_178' title='bbox 228 2307 280 2360; x_wconf 90' lang='lat' dir='ltr'>an,</span> <span class='ocrx_word' id='word_1_179' title='bbox 312 2287 456 2345; x_wconf 85' lang='lat' dir='ltr'>suadente</span> <span class='ocrx_word' id='word_1_180' title='bbox 477 2287 564 2344; x_wconf 67' lang='lat' dir='ltr'>‘falsa</span> <span class='ocrx_word' id='word_1_181' title='bbox 589 2285 784 2362; x_wconf 85' lang='lat' dir='ltr'>etymologia,</span> <span class='ocrx_word' id='word_1_182' title='bbox 816 2305 973 2362; x_wconf 89' lang='lat' dir='ltr'>perperam</span> <span class='ocrx_word' id='word_1_183' title='bbox 1003 2287 1116 2346; x_wconf 88' lang='lat' dir='ltr'>tradita</span> <span class='ocrx_word' id='word_1_184' title='bbox 1144 2289 1197 2362; x_wconf 89' lang='lat' dir='ltr'>sit,</span> <span class='ocrx_word' id='word_1_185' title='bbox 1228 2289 1406 2364; x_wconf 87' lang='lat' dir='ltr'>dederitque</span> 
     </span>
    </p>
   </div>
   <div class='ocr_carea' id='block_1_11' title="bbox 228 2371 1531 2454">
    <p class='ocr_par' dir='ltr' id='par_1_13' title="bbox 228 2371 1531 2454">
     <span class='ocr_line' id='line_1_24' title="bbox 228 2371 1531 2454; baseline 0 -19"><span class='ocrx_word' id='word_1_186' title='bbox 228 2378 318 2452; x_wconf 90' lang='lat' dir='ltr'>poeta</span> <span class='ocrx_word' id='word_1_187' title='bbox 334 2371 594 2449; x_wconf 87' lang='grc' dir='ltr'>εὐπέμφελον,</span> <span class='ocrx_word' id='word_1_188' title='bbox 613 2375 776 2434; x_wconf 89' lang='lat' dir='ltr'>formatum</span> <span class='ocrx_word' id='word_1_189' title='bbox 789 2375 827 2434; x_wconf 92' lang='lat' dir='ltr'>ad</span> <span class='ocrx_word' id='word_1_190' title='bbox 842 2377 1011 2452; x_wconf 84' lang='lat' dir='ltr'>analogiam</span> <span class='ocrx_word' id='word_1_191' title='bbox 1024 2377 1088 2436; x_wconf 88' lang='lat' dir='ltr'>noti</span> <span class='ocrx_word' id='word_1_192' title='bbox 1102 2378 1241 2438; x_wconf 89' lang='lat' dir='ltr'>adieetivi</span> <span class='ocrx_word' id='word_1_193' title='bbox 1256 2378 1408 2436; x_wconf 88' lang='lat' dir='ltr'>Homerici</span> <span class='ocrx_word' id='word_1_194' title='bbox 1530 2379 1531 2454; x_wconf 74' lang='lat' dir='ltr'>l</span> 
     </span>
    </p>
   </div>
   <div class='ocr_carea' id='block_1_12' title="bbox 229 2459 1407 2543">
    <p class='ocr_par' dir='ltr' id='par_1_14' title="bbox 229 2459 1407 2543">
     <span class='ocr_line' id='line_1_25' title="bbox 229 2459 1407 2543; baseline 0 -20"><span class='ocrx_word' id='word_1_195' title='bbox 229 2465 385 2540; x_wconf 83' lang='lat' dir='ltr'>eregione</span> <span class='ocrx_word' id='word_1_196' title='bbox 411 2463 539 2538; x_wconf 83' lang='lat' dir='ltr'>oppositi</span> <span class='ocrx_word' id='word_1_197' title='bbox 564 2459 796 2536; x_wconf 85' lang='grc' dir='ltr'>δυεπέμφελοε.</span> <span class='ocrx_word' id='word_1_198' title='bbox 838 2463 906 2522; x_wconf 80' lang='lat' dir='ltr'>Sive</span> <span class='ocrx_word' id='word_1_199' title='bbox 924 2467 1025 2523; x_wconf 88' lang='lat' dir='ltr'>autem</span> <span class='ocrx_word' id='word_1_200' title='bbox 1045 2469 1149 2540; x_wconf 90' lang='lat' dir='ltr'>poeta,</span> <span class='ocrx_word' id='word_1_201' title='bbox 1172 2486 1249 2543; x_wconf 89' lang='lat' dir='ltr'>quae</span> <span class='ocrx_word' id='word_1_202' title='bbox 1268 2470 1315 2526; x_wconf 92' lang='lat' dir='ltr'>est</span> <span class='ocrx_word' id='word_1_203' title='bbox 1333 2466 1407 2524; x_wconf 91' lang='lat' dir='ltr'>Din-</span> 
     </span>
    </p>
   </div>
   <div class='ocr_carea' id='block_1_13' title="bbox 229 2551 1531 2628">
    <p class='ocr_par' dir='ltr' id='par_1_15' title="bbox 229 2551 1531 2628">
     <span class='ocr_line' id='line_1_26' title="bbox 229 2551 1531 2628; baseline 0.004 -18"><span class='ocrx_word' id='word_1_204' title='bbox 229 2553 315 2612; x_wconf 86' lang='lat' dir='ltr'>dorfii</span> <span class='ocrx_word' id='word_1_205' title='bbox 339 2552 451 2627; x_wconf 89' lang='lat' dir='ltr'>opinio,</span> <span class='ocrx_word' id='word_1_206' title='bbox 477 2569 520 2611; x_wconf 84' lang='lat' dir='ltr'>vs.</span> <span class='ocrx_word' id='word_1_207' title='bbox 535 2552 600 2609; x_wconf 86' lang='grc'>480</span> <span class='ocrx_word' id='word_1_208' title='bbox 624 2551 662 2608; x_wconf 91' lang='lat' dir='ltr'>ad</span> <span class='ocrx_word' id='word_1_209' title='bbox 686 2569 751 2609; x_wconf 90' lang='lat' dir='ltr'>eam</span> <span class='ocrx_word' id='word_1_210' title='bbox 774 2570 877 2611; x_wconf 88' lang='lat' dir='ltr'>vocem</span> <span class='ocrx_word' id='word_1_211' title='bbox 901 2554 1045 2628; x_wconf 81' lang='lat' dir='ltr'>respexit,</span> <span class='ocrx_word' id='word_1_212' title='bbox 1074 2555 1136 2615; x_wconf 88' lang='lat' dir='ltr'>sive</span> <span class='ocrx_word' id='word_1_213' title='bbox 1158 2575 1231 2628; x_wconf 91' lang='lat' dir='ltr'>non,</span> <span class='ocrx_word' id='word_1_214' title='bbox 1259 2575 1308 2614; x_wconf 86' lang='lat' dir='ltr'>res</span> <span class='ocrx_word' id='word_1_215' title='bbox 1328 2556 1409 2614; x_wconf 91' lang='lat' dir='ltr'>redit</span> <span class='ocrx_word' id='word_1_216' title='bbox 1530 2587 1531 2598; x_wconf 50' lang='grc' dir='ltr'>ι</span> 
     </span>
    </p>
   </div>
   <div class='ocr_carea' id='block_1_14' title="bbox 228 2631 1407 4017">
    <p class='ocr_par' dir='ltr' id='par_1_16' title="bbox 228 2631 1407 4017">
     <span class='ocr_line' id='line_1_27' title="bbox 230 2631 1405 2719; baseline 0.002 -19"><span class='ocrx_word' id='word_1_217' title='bbox 230 2641 341 2700; x_wconf 86' lang='lat' dir='ltr'>eodem</span> <span class='ocrx_word' id='word_1_218' title='bbox 369 2640 465 2699; x_wconf 89' lang='lat' dir='ltr'>Nemo</span> <span class='ocrx_word' id='word_1_219' title='bbox 481 2639 560 2699; x_wconf 89' lang='lat' dir='ltr'>enim</span> <span class='ocrx_word' id='word_1_220' title='bbox 573 2631 700 2716; x_wconf 77' lang='lat' dir='ltr'>dubitet,</span> <span class='ocrx_word' id='word_1_221' title='bbox 714 2640 786 2716; x_wconf 91' lang='lat' dir='ltr'>quin</span> <span class='ocrx_word' id='word_1_222' title='bbox 800 2641 969 2718; x_wconf 88' lang='lat' dir='ltr'>Aeschylus</span> <span class='ocrx_word' id='word_1_223' title='bbox 986 2662 1053 2702; x_wconf 91' lang='lat' dir='ltr'>cum</span> <span class='ocrx_word' id='word_1_224' title='bbox 1068 2645 1242 2719; x_wconf 87' lang='lat' dir='ltr'>aequalibus</span> <span class='ocrx_word' id='word_1_225' title='bbox 1258 2644 1405 2716; x_wconf 89' lang='lat' dir='ltr'>omnibus,</span> 
     </span>
     <span class='ocr_line' id='line_1_28' title="bbox 228 2725 1406 2808; baseline 0.003 -21"><span class='ocrx_word' id='word_1_226' title='bbox 228 2730 432 2805; x_wconf 85' lang='lat' dir='ltr'>interrogatus</span> <span class='ocrx_word' id='word_1_227' title='bbox 458 2730 493 2789; x_wconf 92' lang='lat' dir='ltr'>de</span> <span class='ocrx_word' id='word_1_228' title='bbox 524 2730 737 2789; x_wconf 85' lang='lat' dir='ltr'>vocabulorum</span> <span class='ocrx_word' id='word_1_229' title='bbox 762 2725 964 2804; x_wconf 78' lang='grc' dir='ltr'>εὐπέβφελοε</span> <span class='ocrx_word' id='word_1_230' title='bbox 988 2735 1018 2790; x_wconf 88' lang='lat' dir='ltr'>et</span> <span class='ocrx_word' id='word_1_231' title='bbox 1038 2730 1262 2808; x_wconf 85' lang='grc' dir='ltr'>δυεπέμφελοε</span> <span class='ocrx_word' id='word_1_232' title='bbox 1280 2733 1406 2808; x_wconf 84' lang='lat' dir='ltr'>origine,</span> 
     </span>
     <span class='ocr_line' id='line_1_29' title="bbox 232 2816 914 2893; baseline 0.001 -15"><span class='ocrx_word' id='word_1_233' title='bbox 232 2837 250 2878; x_wconf 90' lang='lat' dir='ltr'>a</span> <span class='ocrx_word' id='word_1_234' title='bbox 268 2821 360 2879; x_wconf 86' lang='lat' dir='ltr'>verbo</span> <span class='ocrx_word' id='word_1_235' title='bbox 379 2816 516 2893; x_wconf 88' lang='grc' dir='ltr'>πέμπειν</span> <span class='ocrx_word' id='word_1_236' title='bbox 535 2837 571 2877; x_wconf 91' lang='lat' dir='ltr'>ea</span> <span class='ocrx_word' id='word_1_237' title='bbox 590 2819 779 2878; x_wconf 90' lang='lat' dir='ltr'>derivaturus</span> <span class='ocrx_word' id='word_1_238' title='bbox 798 2820 914 2880; x_wconf 86' lang='lat' dir='ltr'>fuisset.</span> 
     </span>
     <span class='ocr_line' id='line_1_30' title="bbox 322 2918 1191 3007; baseline 0.002 -24"><span class='ocrx_word' id='word_1_239' title='bbox 322 2927 395 2984; x_wconf 86' lang='grc'>480.</span> <span class='ocrx_word' id='word_1_240' title='bbox 445 2923 577 2984; x_wconf 83' lang='grc' dir='ltr'>τοιαῦτα</span> <span class='ocrx_word' id='word_1_241' title='bbox 596 2921 654 3007; x_wconf 81' lang='grc' dir='ltr'>μὲν</span> <span class='ocrx_word' id='word_1_242' title='bbox 673 2918 746 2982; x_wconf 80' lang='grc' dir='ltr'>τάδ’</span> <span class='ocrx_word' id='word_1_243' title='bbox 774 2920 870 2985; x_wconf 83' lang='grc' dir='ltr'>ἐετίν·</span> <span class='ocrx_word' id='word_1_244' title='bbox 889 2921 1065 3005; x_wconf 86' lang='grc' dir='ltr'>ἀμφότερα,</span> <span class='ocrx_word' id='word_1_245' title='bbox 1084 2923 1191 3001; x_wconf 83' lang='grc' dir='ltr'>μένειν</span> 
     </span>
     <span class='ocr_line' id='line_1_31' title="bbox 442 3008 1231 3089; baseline 0.004 -17"><span class='ocrx_word' id='word_1_246' title='bbox 442 3010 579 3087; x_wconf 91' lang='grc' dir='ltr'>πέμπειν</span> <span class='ocrx_word' id='word_1_247' title='bbox 598 3030 632 3072; x_wconf 95' lang='grc' dir='ltr'>τε</span> <span class='ocrx_word' id='word_1_248' title='bbox 651 3008 775 3086; x_wconf 83' lang='grc' dir='ltr'>τάεδε,</span> <span class='ocrx_word' id='word_1_249' title='bbox 795 3008 884 3088; x_wconf 78' lang='grc' dir='ltr'>πῆμ’</span> <span class='ocrx_word' id='word_1_250' title='bbox 903 3009 1074 3089; x_wconf 86' lang='grc' dir='ltr'>ἀμηχάνωε</span> <span class='ocrx_word' id='word_1_251' title='bbox 1092 3009 1125 3074; x_wconf 81' lang='grc' dir='ltr'>τ’</span> <span class='ocrx_word' id='word_1_252' title='bbox 1142 3011 1231 3089; x_wconf 83' lang='grc' dir='ltr'>ἔχει.</span> 
     </span>
     <span class='ocr_line' id='line_1_32' title="bbox 236 3111 1170 3188; baseline 0.002 -17"><span class='ocrx_word' id='word_1_253' title='bbox 236 3113 283 3172; x_wconf 84' lang='lat' dir='ltr'>Sic</span> <span class='ocrx_word' id='word_1_254' title='bbox 301 3111 472 3171; x_wconf 89' lang='lat' dir='ltr'>Dindorfius</span> <span class='ocrx_word' id='word_1_255' title='bbox 492 3111 619 3170; x_wconf 86' lang='lat' dir='ltr'>correxit</span> <span class='ocrx_word' id='word_1_256' title='bbox 637 3112 831 3188; x_wconf 87' lang='lat' dir='ltr'>depravatam</span> <span class='ocrx_word' id='word_1_257' title='bbox 850 3113 958 3172; x_wconf 91' lang='lat' dir='ltr'>codicis</span> <span class='ocrx_word' id='word_1_258' title='bbox 978 3113 1170 3188; x_wconf 86' lang='lat' dir='ltr'>scripturam:</span> 
     </span>
     <span class='ocr_line' id='line_1_33' title="bbox 443 3195 1162 3276; baseline 0.003 -17"><span class='ocrx_word' id='word_1_259' title='bbox 443 3198 580 3275; x_wconf 91' lang='grc' dir='ltr'>πέμπειν</span> <span class='ocrx_word' id='word_1_260' title='bbox 598 3218 632 3261; x_wconf 91' lang='grc' dir='ltr'>τε</span> <span class='ocrx_word' id='word_1_261' title='bbox 653 3195 861 3276; x_wconf 74' lang='grc' dir='ltr'>δυεπήματ’</span> <span class='ocrx_word' id='word_1_262' title='bbox 880 3196 1050 3276; x_wconf 86' lang='grc' dir='ltr'>ἀμηχάνωε</span> <span class='ocrx_word' id='word_1_263' title='bbox 1069 3198 1162 3276; x_wconf 88' lang='grc' dir='ltr'>ἐμοί.</span> 
     </span>
     <span class='ocr_line' id='line_1_34' title="bbox 232 3291 963 3356; baseline 0 -6"><span class='ocrx_word' id='word_1_264' title='bbox 232 3292 337 3350; x_wconf 91' lang='lat' dir='ltr'>Paullo</span> <span class='ocrx_word' id='word_1_265' title='bbox 356 3291 453 3350; x_wconf 90' lang='lat' dir='ltr'>lenius</span> <span class='ocrx_word' id='word_1_266' title='bbox 473 3291 652 3349; x_wconf 85' lang='lat' dir='ltr'>correxerim</span> <span class='ocrx_word' id='word_1_267' title='bbox 670 3291 723 3350; x_wconf 92' lang='lat' dir='ltr'>sic:</span> <span class='ocrx_word' id='word_1_268' title='bbox 958 3345 963 3356; x_wconf 83' lang='lat'>‚</span> 
     </span>
     <span class='ocr_line' id='line_1_35' title="bbox 444 3373 1198 3455; baseline 0.001 -16"><span class='ocrx_word' id='word_1_269' title='bbox 444 3377 580 3454; x_wconf 86' lang='grc' dir='ltr'>πέμπειν</span> <span class='ocrx_word' id='word_1_270' title='bbox 599 3396 634 3438; x_wconf 94' lang='grc' dir='ltr'>τε</span> <span class='ocrx_word' id='word_1_271' title='bbox 653 3375 756 3454; x_wconf 86' lang='grc' dir='ltr'>τάεδε,</span> <span class='ocrx_word' id='word_1_272' title='bbox 775 3373 868 3454; x_wconf 81' lang='grc' dir='ltr'>πῆμ’·</span> <span class='ocrx_word' id='word_1_273' title='bbox 892 3374 1095 3455; x_wconf 86' lang='grc' dir='ltr'>ἀμηχάνωε</span> <span class='ocrx_word' id='word_1_274' title='bbox 1108 3375 1198 3455; x_wconf 78' lang='grc' dir='ltr'>έχω.</span> 
     </span>
     <span class='ocr_line' id='line_1_36' title="bbox 231 3469 1319 3546; baseline 0.001 -19"><span class='ocrx_word' id='word_1_275' title='bbox 231 3469 316 3539; x_wconf 79' lang='lat' dir='ltr'>Quod</span> <span class='ocrx_word' id='word_1_276' title='bbox 335 3471 501 3546; x_wconf 82' lang='lat' dir='ltr'>asyndeton</span> <span class='ocrx_word' id='word_1_277' title='bbox 521 3470 744 3529; x_wconf 82' lang='lat' dir='ltr'>dubitabundus</span> <span class='ocrx_word' id='word_1_278' title='bbox 764 3469 891 3529; x_wconf 90' lang='lat' dir='ltr'>orationi</span> <span class='ocrx_word' id='word_1_279' title='bbox 909 3469 1051 3546; x_wconf 88' lang='lat' dir='ltr'>apprimis</span> <span class='ocrx_word' id='word_1_280' title='bbox 1071 3472 1174 3545; x_wconf 90' lang='lat' dir='ltr'>aptum</span> <span class='ocrx_word' id='word_1_281' title='bbox 1193 3469 1319 3531; x_wconf 89' lang='lat' dir='ltr'>videtur.</span> 
     </span>
     <span class='ocr_line' id='line_1_37' title="bbox 320 3568 997 3650; baseline 0 -15"><span class='ocrx_word' id='word_1_282' title='bbox 320 3578 395 3638; x_wconf 86' lang='grc'>564,</span> <span class='ocrx_word' id='word_1_283' title='bbox 445 3568 492 3634; x_wconf 79' lang='grc' dir='ltr'>δι’</span> <span class='ocrx_word' id='word_1_284' title='bbox 512 3570 652 3636; x_wconf 86' lang='grc' dir='ltr'>αἰῶνοε</span> <span class='ocrx_word' id='word_1_285' title='bbox 672 3571 707 3634; x_wconf 81' lang='grc' dir='ltr'>δὲ</span> <span class='ocrx_word' id='word_1_286' title='bbox 726 3571 784 3635; x_wconf 90' lang='grc' dir='ltr'>τὸν</span> <span class='ocrx_word' id='word_1_287' title='bbox 803 3570 878 3649; x_wconf 90' lang='grc' dir='ltr'>πρὶν</span> <span class='ocrx_word' id='word_1_288' title='bbox 897 3569 997 3650; x_wconf 84' lang='grc' dir='ltr'>ὄλβον</span> 
     </span>
     <span class='ocr_line' id='line_1_38' title="bbox 445 3658 1297 3742; baseline -0.001 -18"><span class='ocrx_word' id='word_1_289' title='bbox 445 3660 553 3738; x_wconf 78' lang='grc' dir='ltr'>ἕρματι</span> <span class='ocrx_word' id='word_1_290' title='bbox 573 3660 765 3740; x_wconf 85' lang='grc' dir='ltr'>προεβαλὼν</span> <span class='ocrx_word' id='word_1_291' title='bbox 784 3658 872 3723; x_wconf 84' lang='grc' dir='ltr'>δίκαε</span> <span class='ocrx_word' id='word_1_292' title='bbox 891 3658 988 3724; x_wconf 76' lang='grc' dir='ltr'>ὤλετ’</span> <span class='ocrx_word' id='word_1_293' title='bbox 1008 3658 1175 3740; x_wconf 85' lang='grc' dir='ltr'>ἄκλαυτοε,</span> <span class='ocrx_word' id='word_1_294' title='bbox 1195 3660 1297 3742; x_wconf 65' lang='lat' dir='ltr'>(teror.</span> 
     </span>
     <span class='ocr_line' id='line_1_39' title="bbox 321 3757 1407 3839; baseline 0.002 -17"><span class='ocrx_word' id='word_1_295' title='bbox 321 3761 516 3823; x_wconf 85' lang='lat' dir='ltr'>Scholiastam</span> <span class='ocrx_word' id='word_1_296' title='bbox 552 3757 610 3821; x_wconf 90' lang='grc' dir='ltr'>τὸν</span> <span class='ocrx_word' id='word_1_297' title='bbox 645 3757 862 3837; x_wconf 89' lang='grc' dir='ltr'>πολυχρόνιον</span> <span class='ocrx_word' id='word_1_298' title='bbox 898 3757 997 3839; x_wconf 86' lang='grc' dir='ltr'>ὄλβον</span> <span class='ocrx_word' id='word_1_299' title='bbox 1032 3765 1229 3839; x_wconf 88' lang='lat' dir='ltr'>explicantem</span> <span class='ocrx_word' id='word_1_300' title='bbox 1265 3769 1407 3825; x_wconf 90' lang='lat' dir='ltr'>secuntur</span> 
     </span>
     <span class='ocr_line' id='line_1_40' title="bbox 231 3851 1407 3930; baseline 0.001 -17"><span class='ocrx_word' id='word_1_301' title='bbox 231 3855 421 3928; x_wconf 80' lang='lat' dir='ltr'>interpretes</span> <span class='ocrx_word' id='word_1_302' title='bbox 476 3851 519 3909; x_wconf 86' lang='lat' dir='ltr'>At</span> <span class='ocrx_word' id='word_1_303' title='bbox 549 3851 685 3910; x_wconf 89' lang='lat' dir='ltr'>inaudita</span> <span class='ocrx_word' id='word_1_304' title='bbox 716 3855 763 3910; x_wconf 90' lang='lat' dir='ltr'>est</span> <span class='ocrx_word' id='word_1_305' title='bbox 796 3853 941 3912; x_wconf 90' lang='lat' dir='ltr'>eiusmodi</span> <span class='ocrx_word' id='word_1_306' title='bbox 971 3853 1090 3912; x_wconf 89' lang='lat' dir='ltr'>articuli</span> <span class='ocrx_word' id='word_1_307' title='bbox 1126 3854 1274 3928; x_wconf 90' lang='lat' dir='ltr'>traiectio,</span> <span class='ocrx_word' id='word_1_308' title='bbox 1309 3874 1407 3930; x_wconf 93' lang='lat' dir='ltr'>neque</span> 
     </span>
     <span class='ocr_line' id='line_1_41' title="bbox 232 3935 1406 4017; baseline 0.001 -15"><span class='ocrx_word' id='word_1_309' title='bbox 232 3944 321 4002; x_wconf 87' lang='lat' dir='ltr'>aliter</span> <span class='ocrx_word' id='word_1_310' title='bbox 339 3941 431 4001; x_wconf 90' lang='lat' dir='ltr'>verba</span> <span class='ocrx_word' id='word_1_311' title='bbox 449 3940 589 4014; x_wconf 82' lang='lat' dir='ltr'>coniungi</span> <span class='ocrx_word' id='word_1_312' title='bbox 607 3941 805 4016; x_wconf 87' lang='lat' dir='ltr'>grammatice</span> <span class='ocrx_word' id='word_1_313' title='bbox 824 3942 896 4001; x_wconf 91' lang='lat' dir='ltr'>sinit</span> <span class='ocrx_word' id='word_1_314' title='bbox 913 3961 1003 4017; x_wconf 90' lang='lat' dir='ltr'>quam</span> <span class='ocrx_word' id='word_1_315' title='bbox 1022 3935 1066 4000; x_wconf 75' lang='grc' dir='ltr'>δι’</span> <span class='ocrx_word' id='word_1_316' title='bbox 1080 3938 1198 4002; x_wconf 80' lang='grc' dir='ltr'>αἰῶνα(</span> <span class='ocrx_word' id='word_1_317' title='bbox 1213 3939 1406 4017; x_wconf 87' lang='grc' dir='ltr'>προεβαλών</span> 
     </span>
    </p>
   </div>
   <div class='ocr_carea' id='block_1_15' title="bbox 233 4025 1523 4108">
    <p class='ocr_par' dir='ltr' id='par_1_17' title="bbox 233 4025 1523 4108">
     <span class='ocr_line' id='line_1_42' title="bbox 233 4025 1523 4108; baseline 0.002 -17"><span class='ocrx_word' id='word_1_318' title='bbox 233 4035 287 4091; x_wconf 92' lang='lat' dir='ltr'>aut</span> <span class='ocrx_word' id='word_1_319' title='bbox 305 4027 418 4105; x_wconf 79' lang='grc' dir='ltr'>ὤλετο,</span> <span class='ocrx_word' id='word_1_320' title='bbox 437 4049 563 4106; x_wconf 92' lang='lat' dir='ltr'>quorum</span> <span class='ocrx_word' id='word_1_321' title='bbox 578 4031 739 4104; x_wconf 91' lang='lat' dir='ltr'>utrumque</span> <span class='ocrx_word' id='word_1_322' title='bbox 758 4031 922 4089; x_wconf 90' lang='lat' dir='ltr'>absurdum</span> <span class='ocrx_word' id='word_1_323' title='bbox 942 4034 995 4090; x_wconf 89' lang='lat' dir='ltr'>est.</span> <span class='ocrx_word' id='word_1_324' title='bbox 1028 4030 1125 4100; x_wconf 78' lang='lat' dir='ltr'>Quare</span> <span class='ocrx_word' id='word_1_325' title='bbox 1140 4025 1185 4091; x_wconf 67' lang='grc' dir='ltr'>δι’</span> <span class='ocrx_word' id='word_1_326' title='bbox 1203 4027 1320 4091; x_wconf 65' lang='grc' dir='ltr'>αἰῶνος</span> <span class='ocrx_word' id='word_1_327' title='bbox 1334 4033 1408 4108; x_wconf 94' lang='lat' dir='ltr'>quin</span> <span class='ocrx_word' id='word_1_328' title='bbox 1518 4081 1523 4094; x_wconf 93' lang='lat'>.</span> 
     </span>
    </p>
   </div>
   <div class='ocr_carea' id='block_1_16' title="bbox 232 4116 1406 4378">
    <p class='ocr_par' dir='ltr' id='par_1_18' title="bbox 232 4116 1406 4378">
     <span class='ocr_line' id='line_1_43' title="bbox 232 4116 1406 4199; baseline -0.001 -19"><span class='ocrx_word' id='word_1_329' title='bbox 232 4123 263 4180; x_wconf 90' lang='lat' dir='ltr'>in</span> <span class='ocrx_word' id='word_1_330' title='bbox 282 4122 389 4180; x_wconf 90' lang='lat' dir='ltr'>mendo</span> <span class='ocrx_word' id='word_1_331' title='bbox 408 4119 509 4196; x_wconf 87' lang='lat' dir='ltr'>cubet,</span> <span class='ocrx_word' id='word_1_332' title='bbox 533 4136 593 4178; x_wconf 88' lang='lat' dir='ltr'>non</span> <span class='ocrx_word' id='word_1_333' title='bbox 614 4121 717 4195; x_wconf 89' lang='lat' dir='ltr'>potest</span> <span class='ocrx_word' id='word_1_334' title='bbox 739 4120 878 4179; x_wconf 88' lang='lat' dir='ltr'>dubitari.</span> <span class='ocrx_word' id='word_1_335' title='bbox 920 4120 1035 4196; x_wconf 85' lang='lat' dir='ltr'>Aptum</span> <span class='ocrx_word' id='word_1_336' title='bbox 1058 4120 1137 4180; x_wconf 84' lang='lat' dir='ltr'>foret</span> <span class='ocrx_word' id='word_1_337' title='bbox 1160 4116 1406 4199; x_wconf 82' lang='grc' dir='ltr'>διανταίῳ-</span> 
     </span>
     <span class='ocr_line' id='line_1_44' title="bbox 233 4200 1406 4290; baseline -0.003 -19"><span class='ocrx_word' id='word_1_338' title='bbox 233 4207 351 4286; x_wconf 80' lang='grc' dir='ltr'>ἕρματι,</span> <span class='ocrx_word' id='word_1_339' title='bbox 376 4209 527 4270; x_wconf 87' lang='lat' dir='ltr'>adverso</span> <span class='ocrx_word' id='word_1_340' title='bbox 551 4200 688 4289; x_wconf 87' lang='lat' dir='ltr'>(proprie</span> <span class='ocrx_word' id='word_1_341' title='bbox 706 4228 813 4268; x_wconf 87' lang='lat' dir='ltr'>navem</span> <span class='ocrx_word' id='word_1_342' title='bbox 837 4229 876 4268; x_wconf 86' lang='lat' dir='ltr'>ex</span> <span class='ocrx_word' id='word_1_343' title='bbox 905 4210 1055 4269; x_wconf 86' lang='lat' dir='ltr'>adverso</span> <span class='ocrx_word' id='word_1_344' title='bbox 1080 4205 1306 4290; x_wconf 86' lang='lat' dir='ltr'>penetranti)</span> <span class='ocrx_word' id='word_1_345' title='bbox 1330 4229 1406 4268; x_wconf 86' lang='lat' dir='ltr'>sco-</span> 
     </span>
     <span class='ocr_line' id='line_1_45' title="bbox 232 4295 1405 4378; baseline 0 -20"><span class='ocrx_word' id='word_1_346' title='bbox 232 4301 329 4376; x_wconf 85' lang='lat' dir='ltr'>pulo;</span> <span class='ocrx_word' id='word_1_347' title='bbox 354 4303 407 4359; x_wconf 92' lang='lat' dir='ltr'>aut</span> <span class='ocrx_word' id='word_1_348' title='bbox 430 4299 455 4358; x_wconf 90' lang='lat' dir='ltr'>si</span> <span class='ocrx_word' id='word_1_349' title='bbox 479 4298 574 4358; x_wconf 84' lang='lat' dir='ltr'>mavis</span> <span class='ocrx_word' id='word_1_350' title='bbox 595 4295 784 4378; x_wconf 84' lang='grc' dir='ltr'>διανταίᾳ,</span> <span class='ocrx_word' id='word_1_351' title='bbox 806 4299 825 4357; x_wconf 89' lang='lat' dir='ltr'>i.</span> <span class='ocrx_word' id='word_1_352' title='bbox 846 4319 869 4359; x_wconf 92' lang='lat' dir='ltr'>e.</span> <span class='ocrx_word' id='word_1_353' title='bbox 890 4299 1096 4360; x_wconf 87' lang='lat' dir='ltr'>vehementi</span> <span class='ocrx_word' id='word_1_354' title='bbox 1115 4299 1204 4372; x_wconf 87' lang='lat' dir='ltr'>ictu,</span> <span class='ocrx_word' id='word_1_355' title='bbox 1224 4299 1258 4357; x_wconf 90' lang='lat' dir='ltr'>cl.</span> <span class='ocrx_word' id='word_1_356' title='bbox 1274 4297 1405 4374; x_wconf 84' lang='lat' dir='ltr'>Ohoeph.</span> 
     </span>
    </p>
   </div>
   <div class='ocr_carea' id='block_1_17' title="bbox 231 4387 468 4450">
    <p class='ocr_par' dir='ltr' id='par_1_19' title="bbox 231 4387 468 4450">
     <span class='ocr_line' id='line_1_46' title="bbox 231 4387 468 4450; baseline -0.008 0"><span class='ocrx_word' id='word_1_357' title='bbox 231 4411 259 4450; x_wconf 89' lang='lat' dir='ltr'>v.</span> <span class='ocrx_word' id='word_1_358' title='bbox 276 4391 348 4449; x_wconf 86' lang='grc'><strong>640.</strong></span> <span class='ocrx_word' id='word_1_359' title='bbox 386 4387 418 4448; x_wconf 79' lang='grc' dir='ltr'>Ο.</span> <span class='ocrx_word' id='word_1_360' title='bbox 432 4388 468 4448; x_wconf 87' lang='grc' dir='ltr'>Α.</span> 
     </span>
    </p>
   </div>
   <div class='ocr_carea' id='block_1_18' title="bbox 0 0 1547 4958">
    <p class='ocr_par' dir='ltr' id='par_1_20' title="bbox 0 0 1547 4958">
     <span class='ocr_line' id='line_1_47' title="bbox 0 0 1547 4958; baseline 0 0"><span class='ocrx_word' id='word_1_361' title='bbox 0 0 1547 4958; x_wconf 95' lang='lat' dir='ltr'> </span> 
     </span>
    </p>
   </div>
  </div>
 </body>
</html>
