3084 4958
509 223 727 280 Emendationes
746 223 925 294 Aeschyleaa

221 395 293 453 641.
340 389 483 453 πολλοὺς
503 389 539 452 δὲ
559 391 691 453 πολλῶν
710 388 982 466 ἑξαγι“ςθέντας
1002 385 1110 464 δόμων

344 476 463 559 ἄνδρας
482 481 577 561 διπλῇ
597 477 732 556 μάςτιγι,
752 479 810 556 τὴν
828 476 925 555 Ἄρης
944 477 1046 555 φιλεῖ,

344 566 496 644 δίλογχον
516 564 608 645 ἄτην,
628 566 759 646 φοινίαν
778 564 943 645 ξυνωρίδα.

212 660 442 720 Verbumvalde
451 664 623 736 suspectum
631 659 1144 736 ethucusqueinfelicitertentatum
1152 657 1305 717 lenissime

129 750 238 827 corrigi
269 753 370 826 potest
402 749 591 810 rescribendo
619 745 909 821 ἐξανυςθέντας,
937 748 956 806 ί.
976 767 1001 808 e.
1024 747 1216 807 conlectos.
1259 744 1304 804 Ol.

30 913 32 918 ,
128 839 250 900 Homer.
282 834 307 899 Λ
327 841 404 913 363,
424 835 452 897 Υ
471 840 546 898 452.

220 924 462 1000 blateronem
480 925 561 1003 ἡμᾶς
581 921 625 985 ὡς
645 921 824 1001 ὀλωλότας,
843 920 877 984 τί
902 923 960 1000 μή;

130 1011 159 1075 τί
166 1014 206 1091 μὴ
215 1017 352 1076 absolute
359 1017 491 1093 positum
501 1036 538 1075 ne
546 1015 693 1075 Graecum
703 1014 822 1091 quidem
834 1034 900 1074 esse
910 1015 1053 1075 arbitror:
1064 1013 1107 1074 ita
1116 1032 1185 1072 raro
1195 1013 1304 1090 reperi-

128 1109 188 1164 tur.
207 1106 346 1165 Alterum
353 1106 385 1164 in
393 1105 578 1182 tragicorum
587 1105 706 1181 scriptis
717 1105 885 1180 exemplum
896 1106 942 1164 est
951 1105 982 1163 in
990 1104 1081 1164 Aiace
1091 1122 1134 1164 vs.
1142 1105 1215 1180 668,
1224 1103 1304 1179 qnod

129 1195 188 1254 iam
201 1195 272 1254 olim
287 1189 409 1254 correxi.
432 1194 566 1271 Utroque
580 1195 654 1268 loco,
668 1196 808 1254 revocata
821 1193 939 1268 lineola,
954 1212 1014 1269 qua
1026 1194 1058 1252 in
1071 1193 1157 1252 libris
1172 1192 1304 1268 antiquis

129 1281 268 1343 litteraN
282 1285 380 1344 notari
390 1302 482 1359 supra
491 1284 626 1343 litteram
635 1282 861 1359 praecedentem
877 1283 1000 1357 solebat,
1015 1283 1175 1357 legendum
1186 1281 1305 1342 videtur

129 1366 163 1429 τί
178 1369 260 1447 μήν;
276 1373 355 1448 quod
365 1391 432 1432 cnm
444 1374 524 1448 apud
535 1373 608 1432 alios
620 1372 778 1447 scriptores
788 1373 854 1430 turn
863 1371 1041 1447 praesertim
1053 1371 1132 1446 apud
1146 1370 1304 1430 Platonem

131 1451 235 1540 (saepe
250 1461 340 1520 simul
354 1480 420 1520 cum
434 1463 563 1520 formula
578 1459 646 1520 πῶς
661 1457 723 1535 γάρ
737 1453 806 1540 οὐ;)
820 1461 1062 1537 frequentissime
1076 1460 1197 1535 legitur.
1224 1459 1305 1518 Vera

130 1549 261 1608 formula
270 1549 397 1608 feliciter
406 1551 596 1611 librariorum
612 1569 718 1610 manus
733 1550 830 1609 evasit
843 1550 874 1608 in
887 1549 1103 1608 Eumenidibus
1117 1568 1159 1608 vs.
1172 1550 1237 1609 200
1247 1567 1303 1623 sq.:

345 1637 430 1699 Chor.
482 1635 617 1714 ἔχρηςας
635 1635 716 1700 ὥςτε
735 1635 793 1700 τὸν
813 1636 908 1701 ξένον
931 1637 1171 1713 μητροκτονεῑν;

343 1728 459 1804 Apollo.
483 1724 601 1803 ἔχρηςα
621 1725 735 1788 ποινὰς
753 1728 811 1788 τού
830 1723 952 1802 πατρὸς
971 1725 1102 1803 πέμψαι.
1135 1722 1170 1786 τί
1188 1724 1271 1802 μήν;

223 1818 294 1876 795.
340 1812 423 1876 όςτις
443 1811 476 1877 δ’
494 1812 615 1890 ἀγαθός
634 1813 983 1893 προβατογνώμων,

341 1901 401 1966 οὐκ
419 1901 482 1967 ἔςτι
504 1906 614 1968 λαθεῖν
634 1901 758 1981 ὄμματα
779 1901 901 1982 φωτὸς,
921 1901 982 1966 κτὲ.

218 1993 297 2054 Satis
321 1995 468 2056 mirabilis
493 1997 627 2056 oscetin
651 1995 823 2056 sublimiore
846 1995 930 2071 po‘esi
952 1995 1041 2054 huius
1065 1994 1203 2054 vocabuli
1222 2013 1302 2068 usus,

129 2080 187 2140 nisi
197 2083 304 2143 chorus
319 2084 350 2142 id
363 2084 508 2144 adhibens
523 2086 658 2144 alludere
671 2085 825 2145 videretur
839 2085 876 2143 ad
886 2084 1121 2160 Agamemnonis
1135 2084 1302 2160 imperium,

128 2189 217 2246 quem
230 2171 380 2233 Homerus
394 2192 462 2233 cum
476 2174 542 2233 aliis
556 2173 680 2233 ducibus
700 2173 898 2248 appellaverit
916 2170 1052 2247 ποιμένα
1071 2171 1167 2232 λαῶν.
1200 2172 1303 2248 Longe

129 2261 188 2317 alia
210 2261 288 2319 ratio
311 2262 359 2319 est
381 2261 518 2320 vocabuli
537 2261 697 2338 Aeschylei
719 2257 953 2336 ίπποχνώμων,
977 2263 1014 2321 de
1033 2281 1091 2338 quo
1110 2262 1177 2322 vide
1196 2262 1302 2338 fragm.

129 2346 346 2408 OOXXXVIII.
1000 2425 1004 2431 ¹

219 2441 292 2500 813.
339 2432 426 2499 δίκας
446 2434 507 2513 γάρ
526 2433 585 2499 οὐκ
603 2432 668 2500 ἀπὸ
687 2433 829 2513 γλιίιςςης
848 2435 918 2500 θεοὶ

341 2523 493 2588 κλύοντες
512 2522 731 2604 ἀνδροθνῆτας
750 2521 841 2589 Ἰλίου
861 2523 986 2604 φθορὰς

342 2611 387 2675 εἰς
406 2611 582 2692 αἱματηρὸν
600 2617 715 2693 τεῦχος
733 2613 773 2676 οὐ
793 2612 995 2692 διχορρόπως

342 2703 473 2782 ψήφους
485 2701 618 2766 ’ἔθεντο
636 2707 684 2786 τῷ
704 2700 736 2764 δ’
755 2702 890 2785 ἐναντίῳ
910 2702 995 2765 κύτει

341 2790 431 2854 ἐλπίς
450 2795 581 2875 προςῄει
600 2791 730 2870 χειρὸς
749 2790 788 2853 ού
808 2791 1029 2873 πληρουμένῳ.

217 2881 302 2942 Alias
331 2884 516 2943 coniecturas
544 2884 669 2944 lenitate
697 2888 727 2945 et
754 2884 967 2959 probabilitate
990 2884 1112 2944 bauscio
1138 2903 1176 2943 an
1202 2885 1302 2946 vincat

129 2969 257 3044 χῆμος,
282 2971 345 3031 ise.
370 2992 437 3050 spes
460 2973 582 3051 vidua,
609 2974 736 3033 inanis.
780 2972 844 3033 Hoc
868 2972 1047 3034 adiectivum
1065 2973 1216 3034 interdum
1236 2994 1301 3035 esse

127 3059 247 3134 generis
266 3061 443 3136 communis,
462 3063 556 3122 lexica
574 3063 731 3124 docebunt.

218 3149 291 3207 818.
338 3149 449 3231 καπνῷ
468 3145 502 3211 δ’
520 3146 642 3211 ἁλούςα
660 3151 719 3210 νῦν
738 3144 788 3210 ἔτ’
806 3145 939 3225 εὔςημος
958 3146 1064 3226 πόλις,
1087 3214 1093 3224 ,

340 3232 417 3313 ἄτης
435 3235 566 3300 θύελλαι
585 3239 671 3302 ζῶςι·
691 3237 972 3314 ςυνθνήςκουςα
991 3238 1029 3299 δὲ

340 3323 458 3388 ςποδδς
477 3326 659 3403 προπέμπει
678 3324 793 3389 πίονας
813 3324 956 3388 πλούτου
975 3324 1086 3391 πνοάς.

339 3501 435 3567 πόλιν
454 3503 645 3581 διημάθυνεν
668 3500 813 3581 Ἀργεῖον
833 3502 929 3568 δάκος

340 3589 455 3672 [ίππου
474 3592 615 3671 νεοςςός,
636 3591 855 3672 άςπιδηφόρος
874 3591 985 3674 λεώς],

340 3679 462 3758 πήδημ’
481 3680 616 3760 ὀρούςας
635 3680 715 3762 ἀμφὶ
734 3680 907 3747 Πλειάδων
926 3682 1014 3746 δύςιν
1032 3681 1094 3746 κτὲ.

214 3768 343 3830 Versum
368 3772 528 3852 inclusum,
557 3776 589 3834 in
608 3795 667 3851 quo
692 3778 813 3851 praeter
838 3776 957 3834 caetera
976 3775 1131 3835 offensioni
1153 3779 1199 3836 est
1219 3776 1299 3851 quod

125 3857 231 3933 ingens
265 3878 357 3935 aquus
389 3862 518 3938 ligneus,
551 3867 598 3924 tot
624 3867 807 3925 armatorum
832 3883 938 3942 capax,
967 3865 1151 3941 ineptissime
1175 3869 1299 3926 vocatur

125 3949 207 4023 equi
224 3949 363 4026 pullus,
381 3950 516 4010 additum
532 3971 596 4012 assa
615 3953 749 4029 suspicor
768 3953 806 4012 ab
825 3953 937 4030 aliquo,
956 3954 1085 4030 quinon
1104 3958 1299 4031 concoqueret

125 4038 375 4098 constructionem
395 4040 437 4098 ad
455 4041 616 4116 synesin:
636 4036 772 4116 ὀρούςας
791 4063 844 4118 pro
864 4037 1011 4117 ὀροῦςαν.

214 4128 266 4188 Vs.
275 4129 339 4188 819
350 4127 382 4186 in
391 4131 640 4191 commentatione
650 4131 922 4192 amstelodamansi
932 4132 992 4191 dixi
1001 4152 1062 4192 non
1070 4133 1297 4208 improbabilem

125 4214 409 4276 mihividen'Weilii
422 4218 623 4278 coniecturam
638 4217 921 4295 δυςθνήςκουςα
934 4239 988 4296 pro
1003 4219 1296 4296 reverberamur,

124 4304 183 4364 nisi
200 4306 279 4382 quod
298 4306 419 4366 iubente
439 4307 578 4383 anmogia
596 4309 730 4376 conicere
749 4307 901 4367 debuisset
919 4308 1185 4384 δυςθνητοῦςα.

213 4396 257 4453 Re
280 4397 381 4454 tamen
404 4397 580 4474 diligentius
604 4397 804 4472 considerata,
827 4396 901 4455 nihil
924 4397 998 4456 mihi
1020 4418 1098 4458 nune
1118 4401 1296 4460 mutandum

178 4501 258 4545 Jahrb.
272 4502 287 4544 l.
302 4502 368 4544 clarc.
381 4505 465 4546 Phllol.
484 4505 562 4555 Suppl.
577 4506 618 4548 Brl.
632 4506 661 4546 X.
1049 4503 1082 4552 10

1417 1220 1524 1332 η
