3084 4958
633 182 667 237 H.
687 199 741 238 van
759 183 939 238 Herwarden:

521 343 770 425 ὀμβροφόροιςιν
789 344 820 410 τ’
839 343 979 426 ἀνέμοις,
999 346 1109 427 ἀγρίας

522 433 600 499 ἁλὸς
619 433 811 515 ἀντήςαντες
830 434 969 502 ὄλοιντο.

288 528 472 604 Interposita
506 528 584 588 enim
617 529 743 605 virgulis
758 536 762 544 '
778 530 939 589 continent
957 529 1187 606 descriptionem
1215 527 1374 592 λαίλαπος

204 613 456 692 χειμωνοτύπου.
488 619 529 677 Ni
542 617 657 693 feceris,
675 611 803 692 ἀνέμοις
816 621 886 695 post
904 614 1035 680 λαίλαπι
1053 621 1187 696 turpiter
1201 620 1374 681 abundabit.

293 709 366 767 116.
495 702 620 780 ίλέομαι
639 703 697 780 μέν
716 699 829 767 Ἀπίαν
848 706 958 783 βοῦνιν

325 805 327 811 “
494 788 644 876 (καρβᾶν’
662 791 764 857 αὐδὰν
784 791 837 871 εὖ,
856 795 907 869 γᾶ,
931 789 1080 878 κοννεῖς.)

495 878 630 944 πολλάκι
650 878 684 943 δ’
701 879 841 958 ἐμπίτνω
861 881 917 946 ξῦν
936 879 1039 944 λακίδι

496 968 627 1033 λίνοιςιν
646 971 665 1048 ἢ
685 968 817 1052 Σιδονίᾳ
835 969 1008 1052 καλύπτρᾳ.

294 1061 355 1120 Cur
377 1062 526 1121 Danaides
552 1064 615 1120 tarn
639 1062 765 1122 fidenter
788 1062 890 1122 dicunt
912 1062 1152 1140 Peloponnesum
1175 1065 1283 1124 callere
1306 1065 1373 1126 bar-

202 1151 310 1210 barum
324 1150 513 1211 sermonem?
545 1150 727 1227 Cogitantne
741 1150 883 1228 Pelopem
901 1152 1052 1228 Phrygem
1071 1152 1102 1212 in
1121 1172 1157 1212 ea
1174 1155 1257 1212 terra
1274 1173 1374 1213 rerum

202 1241 354 1316 quondam
368 1236 517 1316 petitum?
554 1238 598 1299 At
610 1258 707 1316 neque
721 1243 801 1300 recte
816 1241 951 1300 concludi
964 1241 1034 1301 inde
1052 1242 1159 1318 potuit,
1177 1261 1237 1302 non
1255 1242 1374 1318 ignotas

200 1329 295 1389 fnisse
309 1329 514 1404 Peloponneso
529 1329 648 1406 linguas
663 1329 846 1406 peregrinas,
860 1349 956 1406 neque
971 1348 1006 1391 ea
1020 1331 1145 1390 scientia
1163 1331 1201 1390 ab
1215 1329 1375 1407 Aegyptiis

202 1417 312 1495 puellis
332 1419 485 1494 expectari
502 1420 611 1494 potest.
643 1417 690 1476 Ne
708 1419 817 1495 multa3
837 1419 959 1478 remotis
979 1409 1316 1495 uncinispccrrexerim:

415 1502 540 1585 ίλὲομαι
558 1504 616 1581 μὲν
635 1500 746 1568 Ἀπίαν
767 1507 889 1582 βοῦνιν,

412 1589 547 1671 καρβᾶν’
565 1591 667 1657 αὐδὰν
687 1591 731 1670 εἰ,
749 1594 806 1670 γᾶ,
824 1595 952 1656 κοννεῖς
970 1592 1032 1656 κτὲ.

200 1685 255 1744 i.e.
270 1685 432 1764 propitio
453 1684 541 1743 mihi
554 1684 682 1762 Apiam
699 1687 847 1760 terram,
866 1683 1146 1763 si'peregrinum
1165 1703 1375 1763 sermonem,

201 1793 268 1850 quo
287 1792 413 1850 preces
432 1791 526 1834 meas
545 1773 671 1848 fundo,
691 1793 708 1833 o
726 1775 853 1848 tellus,
871 1775 1073 1852 intellegis.

180 1936 183 1942 .
289 1863 403 1923 Eodem
425 1882 527 1922 errore
548 1863 581 1922 in
603 1862 829 1940 Agamemnone
851 1882 895 1924 vs.
911 1865 976 1924 500
999 1863 1099 1923 editur

415 1947 456 2013 εὖ
475 1947 537 2026 γὰρ
556 1949 637 2026 πρὸς
657 1947 692 2012 εὖ
712 1952 838 2027 φανεϊςι
857 1949 1016 2028 προςθήκη
1037 1950 1130 2014 πέλοι

201 2041 260 2115 ubi,
279 2042 358 2118 quod
372 2042 478 2102 vocula
492 2036 520 2101 εί
539 2040 672 2101 abundet
689 2033 774 2122 (nam
792 2039 952 2118 προςθήκη
970 2041 1003 2101 in
1020 2043 1131 2102 malam
1148 2045 1265 2118 partem
1276 2042 1376 2120 accipi

202 2130 244 2190 ibi
261 2124 390 2212 nequit),
409 2131 542 2208 requiro:

417 2215 449 2280 εἰ
466 2215 528 2294 γὰρ
547 2213 623 2294 κτὲ.,
642 2220 660 2280 i.
675 2238 703 2278 e:
723 2218 861 2278 utinam
881 2221 983 2280 enirn.

291 2309 414 2368 Danaus
433 2329 449 2369 e
467 2309 630 2386 longinquo
662 2309 844 2385 prospiciens
876 2308 1058 2386 Argivorum
1088 2309 1187 2386 copias
1217 2310 1375 2387 appropin-

201 2401 338 2475 quantes,
357 2399 433 2458 hanc
451 2397 525 2458 facit
543 2397 757 2460 coniecturam:

293 2489 365 2547 184.
410 2480 486 2560 τάχ’
504 2481 544 2545 ἂν
563 2483 644 2561 πρὸς
662 2483 742 2561 ἡμᾶς
760 2486 853 2561 τῆςδε
872 2487 930 2560 γῆς
949 2480 1122 2561 ἀρχηγέται

414 2569 584 2650 ὀπτῆρες
604 2569 682 2636 εἷεν
702 2569 850 2648 ἀγγέλων
869 2573 1072 2650 πεπυςμένοι.

291 2665 334 2726 At
342 2684 396 2725 nec
407 2665 479 2725 satis
489 2667 569 2724 recte
580 2664 638 2724 dici
651 2665 818 2740 putaverim
834 2658 936 2740 ὀπτήρ
951 2660 1011 2740 εἰμι
1026 2659 1120 2740 πρός
1134 2682 1213 2740 τινα,
1228 2685 1284 2726 neo
1298 2667 1373 2726 satis

201 2757 263 2816 fere
278 2773 385 2816 causae
401 2757 473 2831 orat,
493 2773 545 2814 cur
558 2754 656 2830 ipsum
670 2773 772 2832 regem
786 2755 888 2814 venire
902 2753 1114 2830 suspicaretur.
1146 2755 1251 2816 Potius
1271 2755 1373 2815 credas

204 2864 273 2904 eum
289 2844 434 2921 suspicari
447 2862 549 2919 regem
570 2843 691 2904 mittere
709 2843 919 2920 speculatores.
951 2844 1107 2904 Facillime
1125 2845 1269 2905 correctio
1287 2844 1376 2904 foret:

414 2927 585 3006 ὀπτῆρας
604 2927 695 3006 εἷεν,
715 2932 735 2991 i.
749 2952 775 2992 e.
794 2929 963 3008 πέμψειαν.

290 3020 333 3080 At
369 3040 463 3099 neque
496 3016 577 3082 ἱέναι
609 3021 717 3098 tragici
749 3012 846 3101 (more
877 3015 1050 3102 Homerico)
1084 3043 1138 3098 pro
1171 3019 1307 3096 πέμπειν
1340 3023 1376 3083 de

201 3111 338 3187 personis
366 3129 529 3187 usurpasse
556 3111 708 3184 videntur,
735 3130 833 3188 neque
861 3105 1026 3186 ὀπτῆρες
1055 3130 1116 3170 non
1142 3114 1246 3172 tuetur
1273 3112 1376 3188 glossa

205 3200 403 3278 Hesychiana.
436 3199 549 3260 Locum
568 3201 662 3277 igitur
680 3199 808 3260 aliorum
827 3219 915 3260 curae
934 3201 1114 3262 commendo.

292 3291 366 3350 247.
413 3290 536 3348 Danaus
555 3289 593 3347 ad
611 3308 714 3364 regem
732 3288 928 3366 Argivorum:

368 3377 369 3380 ’
415 3374 482 3450 ἐγὼ
502 3373 537 3436 δὲ
557 3373 638 3451 πρὸς
657 3374 690 3437 ςὲ
711 3372 851 3452 πότερον
870 3373 914 3437 ιίις
933 3373 1009 3451 ἔτην
1028 3374 1127 3451 λέγω,

415 3462 571 3542 ἢτηρόν
591 3461 707 3540 ἠερου
727 3457 796 3546 (sio)
817 3461 974 3542 ῥάβδον,
993 3464 1012 3541 ἢ
1031 3461 1158 3526 πόλεως
1178 3459 1271 3538 ἀγόν;

291 3555 339 3615 Sic
367 3557 466 3615 codex.
510 3555 682 3616 Dindcrfius
711 3555 804 3615 edidit
827 3551 898 3630 ἱροῦ
921 3556 1038 3632 reliqua
1060 3555 1173 3625 intacta
1196 3556 1377 3633 relinquens.

202 3645 375 3705 Admodum
408 3664 479 3706 vero
511 3644 687 3727 probabilis·
703 3647 734 3704 et
761 3663 856 3721 paene
884 3647 966 3704 certa
994 3663 1110 3720 semper
1137 3644 1211 3704 mihi
1237 3645 1303 3706 visa
1331 3649 1378 3705 est

204 3734 354 3793 Schuetzii
372 3734 540 3794 coniectura
557 3735 653 3794 latere
671 3727 873 3809 ἱερόραβδον,
894 3733 957 3793 sive
975 3727 1147 3808 ίρόραβδον
1166 3735 1261 3795 malis.
1293 3733 1376 3804 Quae

203 3823 229 3884 si
247 3841 319 3883 vera
337 3826 395 3896 est,
421 3824 653 3882 consentaneum
672 3826 719 3883 est
739 3823 795 3882 sub
812 3822 958 3883 vocabulo
976 3841 1036 3881 non
1055 3821 1168 3883 Graeco
1187 3820 1285 3898 τηρόν
1304 3823 1377 3882 dcli-

201 3916 316 3972 tcscere
346 3912 568 3972 substantivum
596 3931 664 3971 cum
695 3911 747 3972 illo
776 3912 921 3972 adiectivo
949 3911 1197 3989 coniungendum.
1240 3910 1319 3972 Olim
1346 3911 1377 3970 in

202 4003 323 4062 Exere.
344 4003 422 4061 crit.
440 4021 468 4076 p.
486 4003 547 4060 109
569 3997 737 4061 οΤΗΡΟΝ
757 4001 818 4060 leni
836 4021 926 4060 manu
946 4000 1033 4060 elicui
1052 3997 1196 4074 ΡΗΤΟΡ,
1216 4001 1234 4059 i.
1250 4019 1287 4060 a:

415 4088 434 4165 ἢ
454 4083 584 4165 ῥήτορ’
602 4084 848 4170 ἱερόραβδον,
867 4088 886 4166 ἢ
906 4084 1033 4150 πόλεως
1053 4083 1147 4163 ἀγόν;

204 4199 243 4239 an
275 4179 313 4238 ad
342 4181 523 4239 oratorem
552 4197 688 4239 sacram
716 4180 855 4256 virgam
877 4182 1095 4257 gestantem,
1128 4178 1377 4254 quemadmodum

205 4270 325 4346 poetam
348 4269 580 4346 grandiloquum
603 4270 771 4346 appellasse
790 4270 964 4346 suspicabar
982 4265 1040 4329 τὸν
1058 4265 1185 4343 κήρυκα,
1205 4267 1377 4327 caducea-

202 4361 331 4436 torem,
356 4377 469 4418 memor
486 4359 637 4419 Romanos
656 4378 773 4440 quoque
797 4359 980 4436 antiquiores
1003 4359 1120 4434 legatos
1140 4375 1246 4417 vocare
1272 4357 1375 4418 solitos
