3084 4958
428 193 431 199 ’
524 207 742 267 Emendationes
759 209 939 280 Aeschylece.
963 255 965 259 .

253 379 305 440 44.
353 373 463 454 ἔχοντ’
481 373 579 439 ἐλάα(
598 374 632 442 θ’
650 375 866 456 ὑψιγέννητον
884 374 1016 453 κλάδον,

356 466 445 544 λήνει
464 464 624 549 μεγίετῳ
644 465 820 546 εωφρόνωε
839 465 1029 544 ἐετεμμένον

356 551 467 633 ἀργῆτι
485 556 604 638 μαλλῷ.

121 648 124 652 ’
230 645 407 723 Suspectum
434 647 543 722 habeo,
570 667 662 724 nunc,
688 651 724 708 ut
747 648 830 722 oh'm,
859 641 1006 726 μεγίετῳ,
1032 646 1159 707 necdum
1181 644 1319 720 displicet

141 737 220 812 qnod
238 736 380 812 proposui
398 737 430 794 in
448 736 505 794 Er.
525 737 603 796 crit.
616 757 650 820 p.
668 739 731 797 104
751 730 892 811 λήνειδ’
910 731 1046 815 ἑλικτῷ
1065 729 1127 796 κτὲ.

256 827 308 885 67.
354 821 405 885 καὶ
424 823 483 884 νῦν
502 819 640 885 ἁλοῦεαε
658 821 752 886 τάεδε
773 821 830 884 τὰ(
848 820 988 899 μάργον(
1007 819 1092 903 ὁρᾷ(

354 909 445 992 ὕπνῳ
465 915 646 974 reconem
665 909 699 973 δ’
717 909 749 974 αἱ
768 909 978 974 κατάπτυσον
997 909 1089 988 κόραι

356 999 477 1072 Νυκτὸε
496 1000 630 1064 παλαιαὶ
647 1004 773 1077 παῖδεε,
794 997 844 1062 αἶ(
863 998 901 1062 οὐ
921 998 1066 1077 μίγνυται

353 1092 438 1152 θεῶν
457 1107 504 1150 τι(
522 1086 596 1151 οὐδ’
615 1087 784 1197 άνθρῳποε
804 1087 880 1152 οὐδὲ
898 1089 957 1168 θήρ
976 1103 1070 1152 ποτε

354 1178 460 1239 κακῶν
481 1173 515 1238 δ’
535 1175 672 1242 ἕκατι’
638 1178 814 1252 καγένοντο
833 1174 894 1240 κτὲ.

230 1269 448 1328 Permolestum
471 1271 682 1347 anacoluthon,
706 1270 789 1330 cuius
812 1271 896 1329 nullo
919 1269 1025 1328 idonee
1048 1287 1139 1329 cause
1157 1269 1320 1344 excogitari

140 1362 254 1437 potest,
273 1358 379 1418 lubens
398 1359 576 1416 removerim
595 1359 781 1464 corrigendo:

355 1441 447 1525 ὕπνῳ
467 1441 715 1508 πεδῶνταιδ’
735 1443 768 1507 αἱ
786 1443 847 1507 κτὲ.

142 1537 232 1613 idque
256 1555 290 1596 eo
316 1535 468 1595 lubentius
491 1533 604 1610 quod
593 1532 685 1616 ὕπνῳ
709 1531 836 1597 πίπτειν
858 1556 913 1613 pro
936 1531 1063 1596 πίπτειν
1086 1531 1131 1596 εί(
1149 1529 1253 1597 ὕπνον
1271 1539 1321 1598 vel

144 1622 180 1686 ἐν
203 1621 296 1704 ὕπνῳ
319 1643 466 1700 nusquam
489 1627 642 1700 repertmn
660 1629 714 1686 est.
753 1626 816 1685 Nec
833 1627 931 1700 potuit
949 1644 1054 1685 versus
1074 1626 1231 1704 excidisse,
1251 1627 1320 1702 quie

144 1714 214 1774 inde
232 1733 250 1774 u
268 1733 312 1774 vs.
328 1715 368 1772 68
388 1732 483 1789 usque
502 1714 540 1772 ud
561 1717 599 1774 71
612 1734 674 1791 sqq.
694 1716 794 1774 omnic
812 1715 978 1775 arctissime
997 1715 1166 1774 cohaereri.

255 1805 305 1864 76.
332 1802 420 1861 Hunc
449 1821 570 1862 versum
600 1808 681 1864 reete
708 1805 820 1864 delevit
846 1805 878 1862 in
906 1805 951 1864 ed.
970 1802 1006 1862 V.
1036 1802 1118 1862 Scen.
1139 1803 1321 1864 Dindorfius.

143 1893 209 1968 Ego
224 1892 261 1952 de
275 1911 311 1951 eo
328 1911 361 1950 re
379 1892 439 1951 iem
457 1887 632 1952 monueram
647 1885 709 1950 Ex.
722 1893 799 1953 erit.
818 1913 846 1968 p.
863 1895 926 1952 194
947 1885 1013 1974 (ubi
1032 1892 1123 1952 simul
1142 1912 1178 1951 ex
1193 1890 1319 1955 ΑΝΑΙΕΙ

143 1981 231 2041 elicui
249 1976 385 2055 ΑΛΑΙΕΙ,
404 1981 423 2040 i.
438 1998 464 2040 s.
483 1973 681 2058 άλαιει-ρτο
701 1975 745 2042 ἂν
764 1976 845 2058 ἀεὶ).

233 2072 305 2130 103.
329 2069 365 2128 In
384 2067 509 2129 Comm.
530 2069 643 2133 Amet.
661 2075 748 2132 tueor
765 2071 873 2131 codicis
893 2071 1071 2146 scripturam
1089 2065 1202 2148 καρδίᾳ
1222 2067 1320 2145 (ε’θεν,

142 2178 233 2235 quem
258 2158 413 2219 confirmet
430 2159 494 2232 ipse
512 2163 603 2234 poete
621 2179 711 2220 versu
729 2161 878 2236 sequenti,
902 2162 1006 2219 contre
1023 2179 1061 2219 ne
1080 2162 1183 2235 eptam
1201 2159 1322 2234 quidem

46 2264 50 2269 ·
133 2248 308 2307 =Hermanni
336 2247 535 2306 coniecturam
565 2243 694 2322 καρδία(
720 2243 796 2308 ὅθεν
821 2251 972 2323 receptam
996 2267 1015 2306 o
1039 2247 1204 2322 Dindorfi0,
1231 2248 1323 2307 inter-

141 2336 287 2412 pretando
310 2330 423 2414 καρδίᾳ
446 2355 501 2410 per
523 2333 627 2411 φρενί.
668 2331 850 2416 (Hesychius
874 2332 998 2411 καρδίη·
1023 2333 1074 2396 καὶ
1098 2331 1116 2396 ὁ
1141 2331 1321 2411 λογιεμόε

144 2422 195 2484 καὶ
213 2421 251 2484 τὸ
271 2416 424 2504 εὕνηθεε.)
444 2424 496 2485 Vs.
513 2427 575 2485 105
597 2426 731 2502 spurium
749 2426 845 2486 videri
862 2425 974 2485 ibidem
992 2426 1062 2491 dixi.

234 2517 297 2574 110
307 2533 350 2590 sq.
374 2507 392 2572 ὁ
412 2506 444 2572 δ’
463 2509 616 2576 ἐξαλύξαε
635 2508 756 2590 οἴχεται
776 2514 893 2590 νεβροῦ
912 2509 1014 2589 δίκην,

374 2599 564 2684 καὶταῦτα
583 2601 716 2679 κούφως
733 2601 769 2664 ἐκ
788 2601 892 2678 μέεων
911 2596 1116 2678 άρκυετάτων

374 2685 530 2765 ὤρουεεν,
549 2688 624 2767 ὑμῖν
643 2689 887 2767 ἐγκατιλλώψας
906 2690 996 2766 μέγα.

233 2778 305 2849 Quis
320 2798 462 2855 umquam
474 2780 552 2839 vidit
565 2781 726 2842 formulam
740 2778 790 2840 καὶ
804 2781 904 2841 ταῦτα
919 2773 1057 2862 (idque)
1073 2780 1115 2839 sie
1135 2781 1323 2841 coniunctam

144 2888 212 2927 cum
225 2869 318 2928 verbo
332 2867 437 2926 finito?
470 2867 665 2945 Nominum,
683 2874 719 2930 ut
737 2871 849 2946 opinor,
868 2889 938 2928 nem
956 2871 1041 2929 vetet
1058 2869 1125 2944 ipso
1142 2869 1187 2928 rei
1206 2873 1322 2929 natura.

145 2959 237 3017 Recte
255 2957 381 3016 haberet
398 2951 449 3015 καὶ
467 2954 560 3017 ταῦτ’
581 2991 619 3000 —-
640 2955 789 3034 ὀρούεαε,
808 2959 887 3035 quod
905 2961 1002 3018 metro
1021 2958 1206 3034 prohibetur.
1244 2958 1322 3028 Quin

143 3047 238 3122 igitur
260 3046 435 3105 mendosum
458 3046 498 3105 sit
520 3048 651 3122 ταῦτα,
676 3049 799 3109 dubium
818 3067 883 3108 esse
900 3048 1013 3124 nequit.
1051 3048 1143 3107 Recte
1168 3048 1240 3107 oiim
1264 3049 1322 3106 Ex.

145 3135 225 3194 crit.
243 3156 272 3212 p.
289 3138 351 3196 105
370 3135 503 3210 reposui:

358 3219 410 3284 καὶ
427 3218 547 3297 κάρτα
564 3221 705 3302 κοῦφωε.

234 3311 445 3376 Cf.Pers.519
460 3306 562 3390 κάρτα
581 3315 700 3391 εαφιίιε,
719 3314 826 3392 Agem.
842 3317 904 3375 801
925 3309 1016 3390 κάρτ’
1036 3309 1235 3391 άπομοῦεωε,
1254 3316 1322 3376 alia.

238 3403 309 3462 125.
333 3397 361 3461 τί
381 3418 428 3462 τοι
448 3399 663 3480 πέπρακται
681 3403 810 3478 πρᾶγμα
830 3402 914 3479 πλὴν
931 3401 1059 3478 τεύχειν
1078 3401 1166 3465 κακά.

235 3491 443 3551 Memorendss
462 3497 543 3554 certe
561 3493 715 3554 Dindorfio
734 3493 854 3551 fuerunt
873 3495 1009 3570 egregiae
1029 3493 1154 3552 Steuteii
1173 3493 1323 3554 etWeke-

145 3579 227 3640 fieldi
238 3580 423 3640 coniecturae
432 3577 631 3661 πέπρωται
644 3586 674 3642 et
684 3579 868 3642 τέτακται.
898 3581 975 3640 Nem
985 3579 1163 3655 πέπρακται
1177 3582 1321 3642 vitiosum

146 3688 212 3730 esso
231 3672 346 3730 certum
364 3673 419 3729 est.

237 3760 310 3818 223.
346 3755 563 3836 ἡειιχαιτέραν.
610 3761 705 3822 Schol.
733 3756 980 3834 οολιωτὲραν.
1029 3759 1110 3835 Lege
1144 3757 1323 3833 εχολαιο-

146 3845 264 3924 τέραν
283 3845 314 3906 O.
330 3847 366 3906 A.

238 3939 310 3998 246.
334 3937 370 3996 In
388 3937 509 4000 Exere.
524 3937 610 3998 erit.
628 3957 656 4015 p.
674 3940 736 3998 107
756 3938 878 3998 conieci:

360 4023 442 4102 πρὸε
460 4023 618 4102 αἵματος
637 4023 818 4101 εταλαγμὸν
836 4045 890 4102 pro
902 4021 1001 4102 ἀῐμα
1024 4023 1092 4086 καὶ.

238 4119 318 4177 276·
357 4112 422 4188 ἐγὼ
443 4112 602 4190 διδαχθεὶε
620 4112 657 4176 ἐν
676 4115 785 4175 κακοί(
803 4111 969 4189 ἐπίεταμαι

293 4252 294 4256 ,
361 4203 528 4266 πολλοὺς
548 4200 775 4281 καθαρμούς
795 4201 844 4264 καὶ
864 4201 970 4276 λέγειν
989 4198 1073 4263 ὅπου
1093 4199 1161 4277 δίκη

362 4293 452 4367 ειγάν
471 4288 503 4355 θ’
522 4288 653 4368 ὁμοίως·
672 4290 709 4354 ἐν
728 4289 764 4352 δὲ
783 4293 866 4371 τῷδε
885 4287 1045 4367 πράγματι

363 4383 487 4459 φωνεῖν
506 4377 643 4457 ἐτάχθην
662 4378 743 4457 πρὸ(
763 4381 867 4483 topos>
886 4377 1085 4442 διδατκάλου.

1059 4477 1137 4534 111
