3084 4958
547 211 767 268 Emendationes
780 211 961 282 Aeschyleac.
1027 221 1031 226 ·

375 373 494 438 ταύταε
512 372 547 438 δ’
565 374 697 440 ἑκοόεαε
717 376 785 454 μὲν
803 373 876 439 κατ’
894 373 1023 449 εὔνοιαν
1043 377 1175 453 φρενῶν

374 461 465 540 droa
484 461 536 541 ἄν,
556 463 646 543 εἴπερ
666 464 795 545 εὐεεβήε
814 464 901 529 πίθοι
920 463 1025 541 λόγοι.

371 551 503 616 τοιάδε
524 553 746 633 δημόπρακτοε
765 555 799 618 ἐκ
818 553 946 617 πόλεακ
965 552 1019 631 μία

180 705 183 710 ,
252 715 253 720 γ
372 646 484 721 ψῆφοι
502 643 683 722 κέκρανται,
702 640 824 722 μήποτ’
842 643 990 707 ἐκδοῦναι
1011 640 1061 725 βίᾳ

374 730 488 795 ετόλον
507 735 675 808 γυναικῶν.

248 823 362 899 „Danai
375 824 462 901 filias,
482 824 525 883 ait
543 843 603 903 rex,
622 826 758 886 volentes
778 824 898 901 quidem
916 825 1055 901 abducas
1075 823 1154 884 sed
1146 825 1221 885 1nvit
1222 844 1255 884 as
1274 845 1334 885 non

160 913 243 986 licet,
274 916 309 973 ut
342 912 475 990 suffrag''
437 933 493 974 ons
527 914 589 974 suis
622 914 700 974 cives
727 915 884 974 unanimes
913 909 1134 974 όοοιονοιίιιιί.ιι
1179 914 1334 990 Apodosin

160 1005 261 1061 autem
283 1005 373 1078 poeta
395 1002 525 1080 variata,
548 1005 627 1079 quod
651 1023 740 1081 saepe
762 1003 848 1080 facit,
872 1003 1005 1064 oratione
1028 1002 1071 1062 ita
1090 1003 1276 1078 informavit,
1299 1007 1335 1062 ut

159 1092 271 1150 diceret
303 1095 358 1167 „at
387 1091 529 1151 unanime
561 1094 688 1169 populus
722 1093 809 1154 scivit
840 1094 956 1169 puellas
989 1092 1150 1152 tradendas
1180 1112 1240 1152 non
1268 1109 1336 1152 esse

160 1179 303 1241 inritas“.
336 1181 525 1258 Quapropter
543 1201 591 1241 me
609 1182 705 1242 iudice
725 1183 773 1242 edi
791 1185 977 1259 oportuerat:

373 1265 461 1330 τοία
480 1267 520 1329 δὲ
540 1266 762 1345 δημόπρακτοε
781 1271 845 1332 κτλ.

252 1359 324 1420 950.
369 1353 442 1420 ίεθι
466 1357 534 1432 μὲν
556 1353 640 1418 τάδ>
661 1357 732 1435 ἤδη
756 1357 899 1434 πολέμου
919 1354 1058 1434 αἴρεεθαι
1078 1355 1181 1419 νέον·
1246 1399 1248 1405 ,

375 1442 423 1523 εἴη
443 1445 478 1507 δὲ
498 1443 567 1523 νίκη
587 1444 638 1508 καὶ
656 1443 772 1523 κράτοε
791 1449 859 1510 τοῑε
878 1442 1008 1522 ἄρεεειν.

249 1537 285 1596 In
295 1535 421 1597 Comm.
431 1537 541 1598 Amet.
552 1537 729 1615 impugnata
737 1537 866 1599 Porsoni
874 1537 1052 1614 coniectura,
1066 1555 1155 1614 quam
1165 1535 1335 1596 Dindorfius

160 1625 286 1701 recepit,
305 1625 428 1686 conieci:
670 1671 671 1674 ,

373 1709 446 1777 tco’
469 1711 538 1775 οὗν
560 1709 643 1775 τάδ’
665 1713 734 1792 ἤδη
759 1711 902 1791 πόλεμον
922 1710 1062 1790 αἴρεεθαι
1082 1711 1173 1776 δέον

163 1803 226 1865 sive
254 1806 391 1864 voculam
416 1801 477 1880 ἤδη
506 1806 544 1864 ad
566 1799 627 1866 ίεθι
650 1805 712 1866 sive
736 1808 774 1866 ad
798 1800 937 1880 αίρεεθαι
960 1805 1138 1864 trahendam
1160 1808 1259 1880 putas
1295 1805 1336 1864 Et

162 1889 240 1954 νέον
254 1893 298 1952 ita
311 1894 431 1952 demum
448 1897 530 1955 reete
547 1895 685 1969 haberet,
705 1915 731 1954 si
722 1895 853 1972 'Argivi
871 1913 966 1971 nuper
984 1893 1044 1952 alia
1062 1893 1144 1952 bella
1162 1895 1335 1969 gessissent,

162 2001 222 2057 qua
236 1981 272 2042 de
286 2001 319 2042 re
333 1983 417 2042 nulia
432 1981 500 2042 est
491 2001 523 2042 ιιι
536 1983 592 2042 hac
605 1983 710 2043 fabula
723 1983 844 2045 mentio.
874 1983 987 2043 Eadem
1002 1983 1039 2042 do
1058 2000 1149 2042 causa
1168 1984 1337 2092 suspectam

162 2071 259 2132 habeo
279 2071 457 2148 scripturam
476 2090 585 2178 supra
584 2091 628 2133 vs.
643 2075 721 2149 341,
740 2074 792 2134 ubi
810 2093 863 2132 rex
881 2072 936 2132 ait:

379 2157 478 2236 βαρέα
497 2157 571 2233 εόγ
576 2154 698 2222 ἐἶπαι
716 2158 860 2237 πόλεμον
880 2155 1019 2236 αίρεεθαι
1039 2158 1141 2222 νέον.
1229 2157 1231 2160 ’
1274 2156 1277 2160 ’
1389 2157 1391 2164 “

255 2248 445 2310 Collatot
392 2252 445 2309 aut
447 2269 494 2308 em
512 2268 555 2309 vs.
570 2252 634 2310 439
656 2251 745 2310 scribi
762 2251 875 2327 possit:

378 2335 477 2414 βαρέα
496 2354 531 2397 co
550 2332 619 2411 γ
604 2333 695 2399 είπαε
716 2335 860 2414 πόλεμον
879 2333 1018 2412 αίρεεθαι
1038 2335 1159 2413 μέγαν
1181 2369 1219 2378 -

165 2429 218 2486 aut
231 2426 328 2486 lenius
347 2423 464 2502 νέοιε,
483 2427 537 2488 ie.
553 2428 689 2506 Aegypti
695 2429 780 2532 taliis,
799 2419 995 2488 memoratis'
987 2448 1018 2486 m
1031 2446 1121 2487 versu
1139 2427 1339 2502 praecedenti.

164 2514 304 2576 Ceterum
327 2513 403 2576 νέον
427 2516 519 2576 illic'
511 2537 543 2576 ιιι
566 2537 616 2577 oro
639 2518 720 2595 regis
743 2538 804 2579 non
827 2536 920 2594 aeque
942 2517 1078 2592 ineptum
1101 2535 1166 2576 osse
1190 2534 1224 2574 ac
1242 2516 1316 2575 hic'
1307 2536 1339 2575 ιιι

167 2624 219 2665 ore
237 2605 452 2682 caduceatoris,
470 2605 520 2668 vix
539 2610 586 2666 est
604 2608 682 2684 quod
701 2627 845 2668 moneam.

256 2697 319 2754 994
330 2715 373 2771 sq.
387 2695 503 2757 tentavi
521 2695 553 2755 in
571 2695 697 2758 Oomm.
711 2691 823 2759 Amet.
838 2696 892 2758 sio:

377 2783 439 2844 πᾶε
458 2776 493 2843 δ’
511 2781 547 2844 έν
567 2781 701 2867 μετοίκῳ
720 2786 865 2860 γλῶτταν
885 2780 1018 2847 εὔτυκον
1038 2783 1155 2862 φορεῖ

377 2870 489 2949 κακὴν,
507 2868 544 2932 τό
563 2868 596 2934 τ’
615 2870 718 2936 εἰπεῖν
737 2872 777 2937 εὖ
797 2875 930 2949 ετυγεῑ
946 2867 1109 2950 μόεαγμ’
1127 2867 1231 2932 όπωε

166 2964 201 3021 et
224 2963 314 3022 bene
336 2961 456 3022 dicere
474 2962 612 3039 piaculi
628 2965 748 3034 instar
767 2966 851 3028 odit.
891 2965 1005 3024 Iniuria
1023 2968 1125 3024 autem
1143 2961 1186 3020 ibi
1204 2961 1289 3021 haesi
1308 2960 1339 3019 in

166 3069 224 3111 usu
241 3050 469 3128 praepositionis
489 3048 533 3112 ἐν.
567 3051 611 3113 Of.
626 3054 714 3114 Dind.
728 3055 799 3115 Lex.
813 3055 921 3116 Aesch.
947 3073 976 3130 p.
993 3057 1055 3116 118
1066 3053 1103 3113 Α.

190 3143 197 3154 ’
256 3141 328 3200 996.
351 3135 446 3214 ὑμᾶε
465 3135 498 3198 δ’
521 3137 644 3202 ἐπαινῶ
663 3141 703 3219 μὴ
723 3140 941 3218 καταιεχόνειν
961 3139 1024 3219 ἐμέ.

254 3229 314 3289 Ubi
337 3224 460 3289 ἐπαινῶ
482 3231 604 3306 ponitur
626 3251 681 3308 pro
705 3231 865 3308 παραινῶ,
888 3231 1058 3309 requirente
1076 3232 1142 3308 ipsa
1160 3229 1204 3290 roi
1222 3233 1339 3304 natura,

165 3318 245 3394 regit
263 3317 410 3394 dativum,
429 3322 464 3378 ut
481 3322 562 3379 recte
580 3320 694 3397 legitur
712 3320 843 3398 Ohocph.
858 3324 913 3384 58:

379 3403 466 3482 ὑμῖν
480 3402 513 3467 δ’
527 3404 671 3470 ἐπαινῶ
689 3410 834 3483 γλῶτταν
853 3407 999 3486 εὔφημον
1019 3408 1131 3486 φέρειν
1149 3404 1185 3489 (l.
1197 3401 1337 3491 φορεῖν).

257 3495 336 3556 Loco
355 3501 457 3556 autem
475 3497 636 3575 Euripidae
655 3500 798 3562 Androm.
814 3502 891 3560 552:

818 3583 895 3650 ἀλλ’
912 3583 1126 3665 ἀνηβητηρίαν

380 3669 491 3751 ῥώμην
509 3670 544 3752 μ’
563 3673 707 3738 ἐπαινῶ
726 3673 913 3755 λαμβάνειν·

168 3761 330 3840 genuinam
347 3765 505 3825 lectionem
524 3785 590 3828 esse
609 3767 759 3845 μενοινῶ,
779 3769 896 3846 cupio,
915 3769 1027 3828 dudum
1046 3767 1156 3827 monui.

257 3852 354 3922 Quare
367 3853 523 3941 'Aeschylo
541 3857 589 3915 bio
607 3857 732 3917 reddere
749 3877 810 3918 non
828 3858 976 3918 dubitem:

381 3938 400 4001 ὑ
407 3942 469 4016 μίν
487 3937 521 4003 δι’
540 3940 662 4005 ἐπαινῶ
681 3944 721 4021 μὴ
741 3943 961 4022 καταιεχύνειν
979 3942 1034 4022 ἐμέ
1110 4018 1116 4034 ⁸

382 4027 471 4106 ὥραν
490 4029 668 4107 ἐχοόεαιε
686 4030 779 4111 τήνδ’
797 4033 1005 4112 ἐπίετρεπτον
1025 4035 1159 4111 βροτοῑε.

564 4181 623 4237 Ad
644 4181 944 4268 agamemnonem.

259 4298 311 4358 Vs.
329 4301 378 4359 10.
857 4296 920 4363 ὧδε
939 4297 1001 4378 γάρ
1019 4302 1129 4377 κρατεῖ

382 4385 533 4462 γυναικὸε
552 4383 818 4466 ἀνδρόβουλον
837 4387 968 4454 ἐλπίζον
986 4389 1071 4467 κέαρ.
