3084 4958
509 205 726 261 Emendationes
743 203 923 274 Aeschyleee.
1208 269 1213 274 ¹
1230 201 1297 266 *151

191 375 289 434 ·.754
312 373 371 431 Pro
392 367 530 476 τρόπῳ
539 369 674 475 φρενός
679 372 763 434 inst.
777 374 814 432 A
832 372 1021 462 requirebam
1040 374 1071 431 et
1089 390 1167 431 nune
1185 371 1303 447 requiro

124 456 231 541 πόρῳ
255 457 388 537 φρενόε,
412 463 470 523 via
493 463 644 540 ingenii,
667 463 730 523 i..e
755 464 972 521 coniecturae.
1018 459 1063 520 Of.
1082 462 1156 521 758.
1191 460 1304 519 Deinde
1367 482 1373 488 ·

122 571 179 629 pro
203 551 330 611 lectione
354 551 462 611 codicis
487 547 579 652 δίψη
586 568 654 626 ric,
669 551 856 629 impugnato
868 549 1032 610 Welleueri
1050 544 1303 625 supercoeleste

122 641 284 700 scribentis
316 635 452 714 δίψηειι,
486 641 598 700 conieci
630 636 707 714 δίψη
740 657 812 715 νιν,
845 641 883 699 de
914 657 974 714 qus
1006 639 1215 702 emendatione
1245 637 1303 698 vid.

122 728 298 788 Dindorfius
317 729 392 788 edd.
412 729 454 788 ed
473 730 537 789 lex.
555 730 682 789 Aesch.
701 750 729 805 p.
744 729 855 790 426A.
1186 743 1189 748 ’

194 861 197 865 -
216 820 292 885 795.
336 813 383 876 τί(
402 812 442 880 ἂν
461 812 642 896 (ῳῑόμενον
661 813 782 892 ῥυθμὸν

281 897 285 906 ’
338 901 429 966 τοῦτ’
448 902 548 967 ἰδεῖν
571 902 744 968 δάπεδον
804 953 807 958 .

339 989 507 1069 ἀνομένων
525 990 675 1071 βημάτων
695 989 831 1070 ὄρεγμω
1018 1031 1020 1040 .
1112 1036 1114 1042 .

124 1083 231 1159 Nuper
254 1083 285 1142 in
304 1083 448 1145 Mnemos.
465 1086 524 1144 vol.
539 1084 565 1140 V
583 1078 637 1163 (N.
654 1078 698 1164 S.)
721 1105 750 1160 p.
767 1087 830 1145 196
853 1085 966 1144 correxi
988 1080 1064 1144 ἴδοι
1086 1079 1159 1143 κὰπ
1177 1080 1303 1144 πέδον.

216 1174 279 1232 807
294 1191 348 1247 pro
363 1166 513 1232 ἀνιδεῖν
529 1167 656 1253 (coede
671 1167 760 1247 ἰδεῖν,
779 1174 858 1249 quod
871 1173 1120 1249 lebenuoones'pit
1135 1192 1152 1231 e
1169 1173 1304 1247 sequenti

125 1253 222 1342 ἰδεῖν)
246 1259 328 1321 1110
342 1261 378 1322 A
397 1261 510 1324 conieci
526 1255 695 1337 ἀνέχειν,
710 1281 915 1339 Ὓοωοιςοιο
935 1262 1075 1339 clSoph.
1091 1261 1125 1321 0.
1139 1261 1253 1322 13174
1274 1263 1304 1320 et

127 1349 241 1410 Herod
255 1348 339 1422 VHI,
361 1352 389 1409 8.
566 1353 570 1361 '

218 1439 291 1498 860.
314 1438 373 1497 Ριο
401 1439 530 1514 πεῖραι
549 1440 668 1501 oenieoi
679 1418 838 1519 πρῷραι,
857 1440 917 1546 ie.
940 1433 1140 1562 ετόματα,
1119 1457 1304 1499 mucrones

126 1527 163 1587 cl.
178 1527 329 1586 Prometh.
344 1529 419 1588 423.
451 1526 484 1589 O.
497 1528 586 1590 A..

216 1617 279 1676 883
291 1635 334 1692 sq.
372 1615 418 1678 De
441 1617 549 1678 horum
572 1636 722 1678 uersuum
736 1617 966 1678 difficultatibus
983 1617 1053 1678 uide
1071 1571 1148 1692 quae
1160 1574 1304 1692 pluribus

126 1704 304 1779 disputavi
296 1723 327 1764 ιιι
346 1707 514 1778 commento.
495 1707 607 1791 stione
613 1707 896 1776 Amsteloderneusi.
965 1735 968 1740 ·
1076 1733 1079 1736 ·

218 1795 290 1854 904.
315 1791 437 1854 Orestes
456 1794 495 1853 ed
512 1783 655 1856 niatrem:

141 1926 143 1932 .
218 1877 312 1957 ἕπου,
320 1879 437 1968 Ι,ιτρόε
445 1878 564 1956 αὐτὸν
563 1879 659 1954 τόνδε
678 1877 892 1964 (Aegisthum)
906 1900 938 1951 (ε
959 1878 1074 1958 ,εφάξαι
1094 1881 1179 1945 θέλω

216 1928 368 2048 (λιιοόιιιι
382 1974 430 2032 est
448 1967 536 2048 παρ’
554 1969 662 2044 αὐτὸν.
698 1971 780 2043 (lA

218 2062 291 2123 975.
337 2056 476 2134 (εμνοὶ
497 2059 556 2137 μὲν
575 2053 708 2137 ηςανέ
727 2057 855 2136 θρονοκ
873 2055 944 2122 τόθ
962 2058 1083 2137 ἥμενοι,
1128 2121 1130 2126 ,
1281 2119 1283 2126 ,

340 2144 430 2223 φίλοι
449 2147 484 2211 δὲ
503 2148 555 2216 και
573 2151 648 2225 νῦν,
665 2146 710 2211 ὼ(
729 2145 889 2219 ἐπεικάεαι
902 2146 1007 2225 πάθη
1083 2180 1090 2216 -,
1113 2195 1138 2216 ,-
1165 2165 1167 2170 ’
1207 2205 1209 2212 .
1286 2208 1289 2215 .

343 2232 472 2312 πάρεετι
491 2236 552 2300 κτὲ.

217 2305 309 2386 Recte
332 2326 483 2399 Mehlorus
507 2329 615 2391 Mnenu
630 2327 673 2391 VI
696 2348 725 2410 ρ,
742 2331 820 2398 107
830 2322 924 2387 πάθει
945 2328 1126 2396 emendavit
1136 2346 1191 2403 pro
1210 2322 1304 2402 πάθη.

129 2393 228 2474 Minus
255 2416 354 2490 plaoet
380 2417 460 2491 quod
487 2437 541 2494 pro
570 2412 689 2491 εεμνοί,
717 2417 800 2476 cuius
825 2416 964 2477 vocabuli
990 2418 1188 2493 corruptelam
1214 2418 1306 2484 muni·

128 2505 206 2563 festo
238 2505 338 2579 prodit
366 2523 491 2580 sequens
514 2501 629 2581 φίλοι
656 2505 767 2578 ibidem
794 2506 907 2576 substit
893 2505 953 2578 tuit
964 2501 1113 2580 ξυνοὶ,“
1105 2527 1124 2566 ι.
1146 2525 1171 2567 e.
1196 2502 1305 2566 κοινοί.

129 2593 204 2651 Mihi
235 2613 339 2654 verum
370 2594 490 2654 videtur
521 2595 604 2681 quod
628 2595 688 2656 Ex.
711 2596 800 2656 orit.
790 2616 841 2674 p.
867 2597 928 2656 105
956 2595 1116 2686 proposui
1124 2591 1304 2704 (ιἰμπνοι,
1396 2649 1409 2660 ,

129 2682 334 2744 concordes.
1319 2689 1326 2706 ¹

121 2845 125 2854 .
220 2773 315 2833 1012.
337 2765 456 2864 φόνοιι
465 2771 500 2832 δὲ
520 2768 622 2852 κηκὶς
623 2769 690 2833 ξων
710 2767 830 2852 χρόνῳ
838 2766 1056 2851 ξυμβάλλεται.

176 2844 348 2919 Verba
341 2863 505 2937 composite
529 2881 596 2920 cum
619 2859 839 2940 praepositione
863 2857 932 2940 (όν,
951 2861 1134 2940 ubicumque
1154 2861 1305 2938 conspires

129 2949 240 3009 tionem
269 2948 451 3025 significent,
485 2951 619 3011 construi
651 2952 748 3010 solent
775 2966 842 3008 cum
869 2951 949 3010 nudo
980 2951 1095 3024 dativo,
1127 2951 1223 3010 velut
1234 2965 1305 3010 tuv-

130 3033 228 3114 ᾴδειν,
243 3039 434 3113 ευμφωνεῑν,
450 3039 696 3122 ευμμετρςιεθω,
713 3042 783 3120 cett.
808 3038 910 3120 Qere
925 3039 1108 3115 reposuerim
1123 3039 1174 3118 τῷ
1188 3034 1305 3118 χρόνῳ.

130 3125 256 3202 Insuper
281 3126 424 3188 articulus
450 3129 497 3188 hic
522 3129 708 3188 necessarius
735 3147 799 3188 esse
823 3128 949 3188 videtur.
992 3127 1024 3190 0.
1041 3128 1079 3204 A.
1119 3126 1164 3189 Of.
1182 3128 1306 3190 Exere.

130 3215 209 3276 crit.
227 3235 256 3291 p.
272 3217 344 3275 103.
377 3215 838 3290 AssentiturDindorfius,.ler.
857 3215 1126 3293 Add.p.431-A.l
1157 3259 1160 3266 .
1185 3213 1196 3261 '·

222 3305 315 3366 1015.
338 3301 560 3381 πατρόκτονόν
579 3299 613 3365 0?
632 3301 762 3380 ὕφαιμοι
781 3305 985 3380 προεφωνῶν
1004 3301 1079 3366 τάδε

344 3388 450 3468 ἀλγῶ
469 3393 527 3471 μὲν
550 3389 630 3469 tore
648 3391 700 3454 καὶ
718 3389 827 3456 πάθοι-
839 3392 936 3468 revoc
952 3408 988 3456 τε
1007 3393 1086 3468 πᾶν,

344 3476 447 3559 ἄζηλα
464 3479 554 3559 vius
570 3483 663 3560 τῆεδε
682 3478 768 3558 ἔχων
788 3479 952 3558 μιάεμαια.
985 3527 988 3532 ·

221 3567 289 3630 Non
302 3570 369 3632 lero
381 3574 414 3632 in
425 3573 577 3651 Aeschylo
596 3574 757 3634 immenern
775 3573 982 3636 soloecismum
1000 3591 1060 3633 non
1078 3571 1137 3632 nisi
1149 3565 1306 3631 'extreme

132 3659 240 3718 eetstis
260 3659 455 3735 scriptoribus
473 3663 724 3744 permittendum,
746 3663 871 3722 verbum
887 3657 985 3735 άιλγῶΙ
998 3661 1133 3722 iunctum
1151 3679 1224 3720 eum«
1235 3659 1305 3719 sub

132 3748 262 3809 stsntiro
276 3740 350 3828 (non
363 3753 489 3828 eognelo
504 3752 675 3812 eiusdemre
690 3755 743 3811 eut
760 3752 867 3814 similis
887 3743 1032 3832 notionis)
1050 3752 1082 3810 in
1101 3769 1172 3810 oesu
1191 3753 1306 3826 quarto.

133 3838 228 3899 Non
219 3855 326 3915 ignoro
346 3838 500 3916 Sophoelis
517 3840 642 3900 locum
633 3859 666 3899 nn
684 3841 775 3900 Aieoe
793 3858 837 3901 rs
855 3843 919 3901 790
939 3859 995 3918 sq..
1206 3853 1245 3907 sp
1269 3833 1299 3889 ¹¹3

285 3987 288 3996 ,
328 3922 439 3990 τοῦδ
451 3923 601 3991 ελεάιωυε
619 3923 804 4004 τάνδρὸς(
788 3945 832 3988 ωε
850 3925 918 4005 ἥκει
937 3928 1049 4006 φέρων
1186 3917 1298 3993 ιὼίιῦπ

344 4011 479 4078 Αἴαντοε
497 4015 572 4094 ἡμῖν
590 4009 716 4093 πρᾶξιν,
735 4017 779 4094 ἣν
761 4013 912 4094 νῆλγητ’
930 4016 996 4092 ἐγώ
1014 4050 1059 4062 -
1159 4005 1299 4084 ινὼνῦπ

135 4107 185 4167 sed
211 4107 255 4167 ibi
277 4106 338 4166 leni
361 4126 454 4167 monn
475 4108 585 4185 oorrigi
607 4111 721 4184 potest.
746 4103 787 4181 ἦ(
809 4101 923 4182 ἤλγης’
945 4103 1019 4180 ἐγώ.
1059 4103 1137 4166 Num
1163 4105 1308 4166 dolendi

134 4195 237 4271 verbe,
266 4214 342 4273 quoe
371 4197 548 4272 plerumque
570 4216 637 4256 oum
661 4197 761 4258 deliro
785 4200 838 4256 sut
861 4216 928 4256 oum
951 4213 1052 4272 praep.
1072 4191 1125 4258 ἐπὶ
1148 4213 1173 4255 c.
1191 4196 1219 4256 d.
1242 4214 1307 4255 oon-

134 4287 303 4361 struuntur,
326 4285 478 4346 interdum
496 4304 515 4344 e
532 4285 630 4362 poetis
653 4285 819 4362 iunguntur
837 4305 904 4344 cum
922 4285 1060 4360 genetivo
1079 4273 1309 4358 οιαδρῑίρναδῳ

137 4332 607 4450 Afflnrfili’leeufleorebuddad.
599 4361 1310 4450 sellaequurtomeeunpnstraectpuwulsutfflrtt

189 4490 366 4534 ιιιιιηιιιοιι
369 4492 657 4543 ,ιμιιωιιιιιορριιιιιι
