3084 4958
197 191 272 258 132,
631 193 666 249 Η.
685 209 741 249 ran
759 192 943 250 Hcrwerdenr

284 358 372 419 Licet
389 358 451 418 iam
472 359 660 436 Phrynichus
684 353 793 441 (Bekk.
806 358 864 420 An.
876 381 907 436 p.
923 362 977 435 19,
1003 351 1060 441 23)
1087 361 1179 422 verba
1202 363 1244 422 sic
1263 363 1373 440 scripta

196 447 306 524 legisse
321 448 460 509 videatur
476 467 709 508 commemorans
724 449 915 526 quantumvis
934 450 1132 526 neglegenter
1153 444 1373 527 ἀνδρόβουλοε

195 534 290 613 γυνή,
319 537 418 597 nescio
446 540 549 598 tamen
574 556 612 597 an
636 537 797 614 genuinam
822 538 980 598 lectionem
1007 541 1078 598 ante
1106 540 1205 600 oculos
1234 540 1373 601 habuerit

113 671 115 674 .
193 626 420 702 grammaticus,
449 626 497 685 cui
519 626 662 703 Hesychii
683 627 798 687 lexicon
822 627 931 688 debeat
952 628 1086 704 glossam
1114 622 1370 705 ἀνδρόλημον;

138 771 147 780 ,
196 709 314 790 ἀνδρὸς
343 710 507 790 ἔχουεαν
531 714 627 790 λῆμα,
651 718 686 775 ut
709 716 747 774 ad
770 717 849 775 hunc
867 716 1010 792 Aeschyli
1028 717 1126 777 locum
1144 719 1277 779 referens
1296 721 1372 780 bene

193 803 300 865 codicis
330 803 488 864 lectionem
520 797 724 880 ἀνδρολήμην
763 805 933 867 emendavit
972 806 1075 867 doctus
1104 806 1248 884 Hesychii
1276 807 1372 869 editor

193 893 333 953 Morizius
365 892 507 956 Schmidt.
559 893 703 953 Similiter
741 913 831 971 supra
865 894 897 954 in
934 893 1079 970 Septem
1114 915 1159 956 vs.
1184 899 1226 956 43
1261 896 1372 972 μηλοὁ

193 981 394 1057 (φαγοῦντεε
402 982 530 1042 vidimus
541 982 664 1042 cessisse
675 983 933 1059 glossematiruu
940 983 1197 1059 pocpuroirrrec.
1223 986 1372 1046 Hortatur

195 1075 297 1131 autem
311 1071 475 1148 Phryniohi
495 1073 663 1148 exemplum
682 1075 713 1132 et
730 1072 871 1134 universa
890 1077 1027 1134 veterum
1045 1074 1310 1150 grammaticorum
1328 1077 1373 1134 in-

197 1159 296 1234 curia,
322 1179 360 1219 ne
379 1159 542 1220 Schmidtio
567 1161 807 1237 obtemperemus
830 1163 861 1222 in
880 1161 1026 1240 Hesychii
1043 1162 1143 1223 verbis
1163 1182 1216 1240 pro
1234 1159 1371 1240 ἔχουεαν

198 1249 363 1326 suspicanti
381 1243 466 1323 ἔχον.

282 1340 334 1398 36.
356 1333 402 1398 τὰ
419 1331 454 1397 δ’
472 1331 569 1398 ἄλλα
589 1337 665 1411 eisd]
683 1323 745 1399 κτὲ.

281 1426 349 1487 Vas.
372 1429 513 1487 36-39
539 1428 629 1504 longe
653 1427 800 1504 aptiorem
826 1429 926 1489 locum
949 1430 1171 1505 nanciscentur,
1200 1429 1226 1490 si
1252 1449 1368 1490 mecum

192 1517 412 1592 transposueris
438 1515 543 1576 statim
567 1519 637 1592 post
654 1536 698 1578 vs.
715 1520 769 1591 19,
795 1517 848 1578 ubi
873 1521 973 1578 custos
999 1517 1101 1595 tetigit
1126 1519 1246 1579 tristem
1268 1538 1369 1579 rerum

195 1605 405 1665 conditionem.
442 1603 506 1674 Quo
524 1605 604 1664 facto
625 1608 655 1665 et
673 1607 818 1667 vocabula
836 1601 876 1665 τὰ
895 1601 928 1666 δ’
947 1601 1030 1667 ἄλλα
1048 1607 1201 1668 habebunt
1219 1628 1277 1685 quo
1294 1610 1370 1668 refe·

193 1697 309 1769 rantur,
321 1697 351 1754 et
358 1694 485 1754 laetiora
492 1697 608 1754 moesta
615 1695 784 1771 exceperint
792 1695 831 1754 ad
838 1695 927 1755 finem
935 1696 1078 1756 orationis
1085 1715 1180 1773 usque
1190 1698 1370 1758 continuata.

286 1785 337 1843 25.
360 1783 545 1844 Exclamatio
561 1777 612 1844 ἰοῦ
627 1779 678 1844 iod
692 1784 796 1861 utique
809 1785 1032 1862 transponenda
1051 1785 1154 1845 statim
1170 1788 1240 1863 post
1258 1779 1302 1848 vs.
1318 1789 1369 1848 22.

284 1873 335 1932 62.
358 1866 605 1946 πολυάνορος
623 1866 705 1948 ἀμφὶ
722 1868 880 1945 γυναικός.

286 1959 463 2036 Karstenus,
477 1962 556 2036 quod
571 1981 605 2021 eo
624 1963 731 2022 saltem
745 1964 880 2039 tempore
894 1962 1002 2022 chorus
1015 1962 1162 2023 Helenam
1175 1965 1369 2025 multorum

193 2049 408 2110 maritorum
440 2069 586 2110 uxorem
619 2051 717 2111 dicere
748 2070 808 2111 non
831 2053 946 2127 posset,
978 2053 1014 2112 ol.
1037 2045 1205 2128 ἀμφινεικῆ
1234 2072 1278 2116 vs.
1303 2056 1366 2114 686

194 2138 321 2199 coniecit
339 2132 538 2214 &perstrictos
577 2138 608 2198 Si
631 2141 702 2218 quid
720 2141 911 2218 mutandum,
931 2159 985 2202 nec
1003 2143 1103 2218 potius
1122 2143 1367 2218 acquiescendum

194 2226 379 2288 scholiastae
393 2228 636 2310 interpretationi
649 2229 706 2306 τῆς
720 2226 863 2291 πολλοὺς
878 2230 1055 2306 μνηετῆραε
1069 2226 1211 2307 ἑχούεηε,
1231 2231 1367 2308 equidem

192 2317 342 2394 corrigere
360 2317 477 2377 malim:

405 2400 663 2481 λιπεεάνορο(
682 2400 763 2483 ἀμφὶ
780 2401 939 2479 γυναικός.

280 2495 350 2556 Non
377 2495 537 2572 ignorabat
560 2496 741 2574 Aeschylus,
775 2499 809 2555 ut
835 2495 952 2572 opinor,
979 2496 1181 2558 nobilissimos
1205 2497 1368 2558 Stesichori

192 2603 229 2642 ex
248 2583 366 2644 Orestia
385 2603 503 2645 versus:

246 2669 371 2733 Οὕνεκα
390 2667 580 2748 Τυνδάρεω(
598 2667 701 2748 ῥέζων
719 2669 799 2733 ποτὲ
819 2671 892 2734 rte
911 2673 998 2735 droit

244 2757 364 2837 μούνα(
382 2755 494 2823 λάθετ’
512 2757 698 2838 ἠπιοδώρου
718 2759 888 2838 Κύπριδος·
906 2763 996 2824 κεῖνα
1015 2757 1049 2822 δ’
1071 2757 1133 2838 ἄρα
1152 2759 1325 2840 Τυνδάρεω

247 2847 387 2925 κούραιει
406 2848 616 2926 χολωεαμὲνα
635 2847 789 2928 διγάμουε
806 2869 841 2913 τε

246 2937 298 3000 καὶ
314 2935 487 3015 τριγάμουε
505 2936 604 3016 rienes
623 2937 674 3002 καὶ
692 2936 959 3016 λιπεεάνοραε.

281 3032 332 3089 78.
354 3023 465 3104 Ἄρη(
484 3023 517 3088 δ’
534 3023 592 3090 οὐκ
612 3023 659 3090 ἔνι
678 3026 789 3110 χώρᾳ.

257 3191 258 3196 ¹
280 3118 401 3177 Dudum
421 3118 609 3178 scribendum
628 3119 782 3196 proposui:

265 3275 268 3282 .
567 3203 669 3282 Ἄρει
688 3202 722 3268 δ’
740 3203 798 3270 οὐκ
817 3204 864 3270 ἔνι
884 3203 1000 3285 χώρα,

190 3297 209 3357 i.
228 3316 253 3358 e.
271 3315 335 3356 nec
359 3295 468 3358 Marti
494 3297 594 3358 locus
618 3301 674 3358 est
697 3291 743 3377 (in
765 3301 886 3374 pectore
909 3289 1040 3378 puerili).
1077 3297 1117 3356 Et
1140 3297 1182 3357 sio
1204 3299 1364 3360 novissime

189 3385 351 3447 Gilbertus.

82 3501 84 3506 v
279 3477 352 3536 105.
542 3469 589 3534 ἔτι
607 3470 668 3549 γὰρ
688 3469 801 3537 θεόθεν
819 3472 1001 3537 καταπνείει

543 3560 643 3626 πειθὼ
663 3563 790 3639 μολπᾶν

540 3647 659 3714 ἀλκὰν
679 3649 841 3729 εύμφυτοε
860 3648 949 3715 αἰών.

278 3739 439 3817 Perperam
471 3761 506 3800 ex
538 3760 605 3802 mea
637 3743 787 3803 sententia
813 3747 935 3820 recepta
962 3745 1008 3802 est
1035 3761 1054 3801 a
1080 3741 1233 3802 Dindorfic
1261 3743 1363 3802 Bothii

191 3832 332 3895 correctio
355 3824 444 3910 ἀλκᾷ,
463 3849 553 3906 quam
571 3850 609 3890 ne
628 3832 701 3892 satis
716 3833 836 3908 quidem
853 3831 1005 3908 intellego.
1030 3831 1147 3902 'Quidni
1165 3832 1244 3890 enim
1263 3826 1363 3892 ἀλκὰν

190 3921 230 3979 sit
264 3920 412 3997 appositio
440 3919 644 3995 praedicativa
674 3923 833 3981 verborum
865 3917 966 3982 πειθὼ
995 3920 1143 3997 μολπᾶνῖ
1190 3918 1362 3980 Garminum

192 4009 316 4069 suadam
330 4001 431 4068 suuni
443 4009 553 4068 robur
572 4027 637 4069 esse
655 4010 778 4084 pulchre
797 4011 900 4070 dicunt
919 4029 1013 4072 senes.
1046 4011 1077 4070 Si
1096 4009 1166 4088 quid
1185 4010 1363 4070 mutandum

189 4099 282 4175 foret,
302 4099 438 4174 equidem
452 4099 542 4175 longe
560 4097 694 4157 mallem:

567 4181 668 4248 ἀλκὰν
688 4181 884 4264 cooperor
903 4182 984 4248 αἰών

189 4276 207 4335 i.
218 4295 244 4338 e.
258 4276 368 4336 robur
382 4275 486 4336 nohis
499 4277 698 4355 proprium,
717 4279 870 4353 quodiam
885 4278 1046 4338 Heathium
1065 4277 1256 4354 proposuisse
1275 4278 1362 4338 docet

189 4385 238 4424 me
256 4365 347 4424 editio
367 4365 601 4425 Blomfieldiaua.
