3084 4958
543 167 760 257 Emendationes
779 197 957 266 Aeschyleae.

257 371 329 428 931.
380 353 462 428 dei¹
478 365 522 442 μὴ
541 363 654 442 κύρεαε
676 365 801 442 βαρεῶν
818 359 943 424 τούτων

380 451 440 516 οὐκ
458 450 546 518 οἶδεν
565 451 641 517 ὅθεν
865 454 873 461 ’

380 542 498 619 πληγαὶ
518 540 625 620 βιότου
645 532 896 623 (προεέπαιτιιν).

260 633 399 710 Plerique
418 635 512 694 eritioi
531 636 631 699 sedem
649 633 716 694 uitii
733 632 903 691 iudiearunt
922 625 1048 704 βαρέων
1074 622 1133 708 (ita
1150 630 1250 704 sodex,
1269 646 1338 690 nam

170 721 295 799 βαρεῶν
318 723 452 798 reposuit
473 715 654 803 Ahrensius)
677 721 854 780 conicientes
878 717 1003 796 πρᾳῶν,
1022 713 1155 792 ἱλαρῶν,
1184 715 1338 792 βραβέων.

169 811 256 871 Solus
275 811 418 872 Franaius
436 815 517 872 reete
535 812 658 871 adortus
677 813 724 869 est
741 809 931 884 negationem
950 806 1096 892 eonioiens
1116 800 1135 864 ὁ
1152 803 1189 865 οὲ
1209 803 1256 881 δή.
1288 806 1339 877 At,

167 901 219 960 ubi
238 900 383 960 transitus
410 901 445 959 fit
470 901 508 960 ad
534 898 724 972 eontrarium,
750 917 809 959 non
834 897 881 956 his
908 895 1063 971 particulis
1088 895 1170 957 loeus
1196 897 1254 966 est,
1285 895 1338 954 sed

126 1045 129 1057 ,
168 990 281 1050 uooulis
300 1007 337 1061 γε
357 987 426 1064 μήν.
464 988 509 1050 Of.
526 990 624 1050 Prom.
644 991 717 1049 871.
750 986 830 1062 Sept
850 987 946 1046 1062.
982 983 1081 1062 Agara
1112 985 1205 1044 1378.
1240 982 1340 1052 Quare

169 1078 316 1152 suspicor:
395 1111 399 1120 v
1082 1076 1085 1082 ’

382 1161 401 1226 ό
420 1182 461 1239 γε
480 1163 549 1240 μὴν
568 1161 682 1239 ιιύρεατ
701 1159 761 1224 κτὲ.

260 1346 335 1406 997.
385 1329 509 1418 χαίρετε
530 1328 654 1418 χαίρετ’
671 1337 863 1415 ἐναιειμῖαιει
882 1336 1037 1414 πλούτου,

382 1426 504 1507 χαίρετ’
521 1427 646 1492 ἀετικὸ(
665 1427 754 1505 λεὼε,
772 1426 862 1506 ἵκταρ
881 1427 1014 1504 ἥμενοι
1032 1424 1113 1489 Διὸε

382 1519 543 1595 παρθένου
562 1516 659 1596 φίλαε
678 1515 776 1595 φίλοι,
796 1517 1042 1592 εωφρονοῦντεε
1061 1513 1102 1577 ἐν
1124 1511 1259 1595 χρόνῳ.

169 1610 304 1669 Annotat
328 1609 454 1669 Weilius
480 1609 573 1686 „quid
598 1611 639 1671 sit
664 1607 908 1684 εωφρονοῡντεε
935 1603 971 1666 ἐν
993 1600 1102 1685 χρόνῳ
1125 1626 1183 1668 non
1207 1604 1337 1680 expedio,

169 1717 239 1756 nam
258 1694 446 1773 εωφροεύνη
466 1718 524 1758 non
543 1699 691 1758 interdum
711 1697 763 1758 sed
782 1715 899 1772 semper
916 1695 1096 1771 tempestiva
1114 1698 1168 1754 est.
1204 1694 1240 1752 In
1259 1713 1338 1752 men-

168 1789 229 1846 tem
252 1787 326 1846 mihi
344 1789 427 1846 venit
445 1787 690 1862 <oppoponeret
714 1781 927 1860 εὐφρόνωε,
950 1783 1137 1859 colligam.
1158 1785 1222 1843 330
1245 1777 1339 1856 γύναι

169 1869 241 1943 κατ’
260 1869 361 1949 ἄνδρα
380 1871 526 1950 εώφρον’
550 1870 718 1952 εὐφρόνωε
742 1871 871 1947 λέγειε“.
914 1873 1006 1944 Quasi
1027 1892 1099 1932 vero
1124 1872 1179 1931 hoe
1202 1873 1266 1932 loeo
1290 1870 1339 1930 de-

168 1963 309 2023 fendatur
322 1963 460 2026 immanis
474 1965 641 2041 tautologia
656 1983 745 2041 quam
759 1965 866 2039 poetae
880 1962 1029 2022 obtrudit!
1057 1961 1088 2020 Si
1103 1961 1141 2020 ad
1154 1959 1339 2022 coniecturas

169 2051 209 2112 sit
228 2053 468 2130 confugiendum,
487 2055 566 2116 haud
585 2055 685 2130 inepte
704 2052 877 2128 suspiceris:

356 2155 359 2166 ·
616 2141 861 2217 εωφρονοῖιντεε
877 2136 920 2200 ἐν
938 2133 1037 2217 κόρῳ
1075 2179 1079 2188 .

169 2233 419 2306 temperantes
447 2231 484 2289 in
511 2231 696 2304 satietate,
725 2230 836 2288 dietum
866 2223 1049 2302 ὀξυμώρωε,
1078 2246 1136 2303 quo
1163 2225 1340 2301 respiciatur

169 2324 272 2379 notum
296 2320 485 2396 proverbium
507 2314 602 2379 τίκτει
626 2314 720 2392 κόροε
744 2313 843 2394 ὕβριν.
887 2316 955 2376 Nisi
977 2317 1055 2376 forte
1077 2313 1114 2376 ἐν
1138 2309 1245 2392 χρόνῳ
1270 2315 1340 2374 lieet

168 2408 361 2484 interpretari
379 2409 610 2484 tempestive,
634 2410 826 2484 antequam
850 2425 930 2466 sero
953 2407 1018 2466 est.
1061 2405 1215 2480 Nusquam
1239 2407 1340 2462 tamen

169 2498 245 2557 hano
272 2497 432 2558 formulam
461 2498 503 2558 sie
531 2500 706 2574 usurpatam
728 2496 855 2571 repperi.
899 2493 929 2554 0.
950 2495 984 2556 Α.
1036 2495 1093 2552 Pro
1116 2490 1229 2568 ἥμενοι
1259 2495 1340 2552 reete

168 2585 317 2662 Bergkius
336 2582 462 2661 ἡμένηε.

239 2727 243 2739 .
261 2678 354 2735 1021.
383 2671 463 2737 αἰνῶ
481 2692 520 2734 τε
540 2671 680 2749 μύθου(
698 2673 801 2733 τῶνδε
821 2671 887 2732 τῶν
905 2665 1132 2745 κατευγμάτων

381 2761 499 2837 πέμψω
518 2780 552 2823 τε
572 2759 686 2837 φέγγει
705 2755 883 2835 λαμπάδων
902 2754 1110 2835 εελαεφόρων

384 2847 431 2930 [tr
449 2849 524 2914 τούε
543 2845 675 2926 ἔνερθε
693 2847 753 2910 καὶ
771 2844 873 2909 ιῖάτω
892 2844 1009 2923 χθονὸε
1031 2842 1165 2926 τόποιιε]

382 2938 439 3002 ξὺν
458 2936 674 3014 προπόλοιειν.

258 3029 371 3088 Inelusi
393 3029 585 3103 versiculum,
611 3029 730 3114 quolam
760 3029 808 3090 vel
834 3027 997 3103 pessimum
1021 3028 1208 3104 poetastrum
1233 3026 1340 3085 lesisse

170 3118 305 3193 puderet.
342 3118 418 3176 Nam
438 3117 490 3194 qui
506 3118 597 3178 metri
610 3119 724 3178 scilieet
741 3116 889 3194 angustiis
909 3117 1080 3192 compulsus
1099 3117 1223 3193 iungere
1240 3116 1341 3190 potest

169 3201 280 3279 ἔνερθε
300 3202 351 3266 καὶ
366 3201 461 3281 κάτω,
480 3206 626 3266 voeabula
642 3225 766 3283 prorsus
785 3202 1046 3279 ἰεοδυναμούντα,
1063 3205 1090 3264 is
1110 3205 1159 3266 vix
1178 3205 1265 3262 homo
1284 3204 1339 3275 est,

167 3296 279 3354 nedum
297 3297 385 3355 homo
402 3296 564 3355 litteratus.
599 3296 636 3355 In
653 3295 851 3373 praegressis,
873 3295 944 3369 quia
966 3291 1083 3368 πέμψω
1107 3292 1222 3354 obieoto
1248 3294 1339 3367 earet,

169 3383 257 3444 ualde
275 3385 349 3444 mihi
367 3385 560 3446 abblenditur
578 3384 775 3446 Heimsoethii
794 3385 963 3444 coniectura
980 3379 1061 3444 αἰνῶ
1079 3375 1112 3442 τ’
1130 3376 1294 3444 ἀοιδούε.

261 3475 356 3535 1032.
385 3471 466 3534 Βᾶτε
484 3467 627 3548 οόμονε
646 3468 780 3547 μεγάλαι
799 3467 961 3548 φιλότιμοι

384 3559 505 3624 Νοκτόε
522 3563 636 3622 παῖδε(
654 3557 787 3623 ἄπαιδεε
806 3555 864 3621 ὑπ’
883 3556 1017 3637 εὔφρονι
1036 3562 1160 3640 πομπᾷ·

383 3647 555 3727 εὐφαμεῖτε
575 3649 620 3725 δὲ,
639 3652 783 3727 χωρῖται·

382 3739 441 3811 γαῖε
459 3735 523 3799 ὑπὸ
542 3736 682 3801 κεύθεειν
706 3735 886 3812 ὠγυγίοιειν

382 3824 461 3904 [καὶ]
480 3829 583 3902 τιμαῖε
602 3825 653 3889 καὶ
670 3824 789 3890 tucior(
808 3823 991 3903 aspiceretur
1016 3825 1110 3907 [τύχᾳ
1133 3823 1181 3905 τε]
1201 3822 1338 3888 έεεεθε.

383 3912 556 3991 εὐφαμεῖτε
575 3914 611 3977 δὲ
631 3913 796 3992 πανδαμεί.

259 4004 315 4077 Sio,
326 4006 448 4066 resectis
459 4006 671 4066 additamentis
682 4010 712 4066 et
721 4007 833 4066 inserto
844 4001 959 4083 ἔεεεθε,
973 4007 1072 4068 omnia
1081 4007 1157 4066 bene
1167 4006 1339 4082 procedunt.

259 4093 294 4152 In
321 4093 369 4152 his
397 4094 496 4154 verbis
521 4095 657 4156 voculam
683 4091 733 4154 καὶ
757 4095 819 4154 iam
844 4096 956 4154 delevit
978 4095 1181 4168 Hermannus,
1207 4095 1340 4158 sednon

172 4183 268 4258 magis
287 4182 418 4258 genuina
436 4182 576 4243 videntur
594 4183 739 4243 voeabula
756 4179 838 4260 τύχᾳ
856 4199 900 4244 τε.
932 4182 1014 4252 Quae
1033 4187 1105 4244 nate
1124 4202 1190 4242 esse
1209 4183 1342 4258 suspicor

171 4267 334 4344 οτύχητε,
362 4272 443 4348 quod
466 4272 659 4348 adscripserit
684 4271 721 4332 de
744 4276 841 4330 metro
865 4291 987 4331 seourus
1010 4273 1119 4348 aliquis
1143 4271 1340 4348 magistellus,

171 4359 222 4436 qui
245 4361 370 4420 verbum
393 4361 557 4421 desiderari
583 4363 664 4420 reete
691 4360 882 4420 intellexerit.
935 4360 993 4424 Sed
1016 4361 1142 4423 verbum
1164 4361 1241 4424 illud
1262 4361 1342 4438 quod
