3084 4958
533 229 752 286 Emendationes
770 229 949 300 Aeschyleae.

398 395 473 458 νέας
491 395 640 469 γυναικὸς
659 393 698 457 οὔ
718 415 755 472 με
775 397 815 473 μὴ
835 394 916 478 λάθῃ
936 395 1069 473 φλέγων

396 482 572 562 ὀφθαλμὸς,
591 484 658 562 ἥτις
677 482 794 562 ἀνδρὸς
813 485 832 566 ᾖ
851 485 1041 563 γεγευμένη·

395 571 460 650 έχω
479 574 515 635 δὲ
534 571 660 636 τούτων
678 573 779 650 θυμὸν
797 572 1039 656 ἱππογνώμονα.

246 664 336 730 Οριίςί.
362 659 464 725 ἄδων
490 667 571 725 ταῖς
598 667 629 724 et
655 681 760 725 αςτει
786 663 844 740 μὴ,
868 685 994 741 qnorum
1017 666 1071 724 hoe
1096 665 1156 722 iam
1181 664 1327 722 Heathius

156 755 292 814 currerit.
330 753 671 829 cremellensis.
699 753 791 814 Andr.
807 757 881 814 420.
922 754 1053 812 Dubium
1077 755 1125 813 est
1147 756 1249 811 utrum
1268 753 1328 811 An·

156 843 278 918 tigonns
297 843 411 920 priores
431 863 536 903 versus
555 833 725 918 argumenti
744 844 843 918 gratia
862 839 1044 919 apposuerit,
1062 863 1101 902 an
1119 842 1326 901 tantummodo

155 935 278 1007 propter
302 933 519 1008 oppositionem
543 952 609 990 eum
633 932 835 1008 sequentibus.
874 933 953 990 Illud
973 933 998 991 si
1017 933 1095 1005 feeit,
1116 931 1213 989 dieere
1231 931 1327 1006 possis

39 1043 41 1047 ·
159 1040 265 1080 revera
283 1015 462 1097 virginalem
481 1021 567 1079 illum
585 1021 729 1095 pudorem
747 1021 882 1096 prodere,
901 1021 971 1079 lieet
989 1020 1177 1093 ineenseiam,
1197 1019 1328 1079 virorum
1369 1085 1374 1094 „

157 1110 376 1185 appetentiam,
401 1110 546 1185 siquidem
570 1106 639 1168 erite
662 1111 852 1184 pubertatem
875 1110 994 1186 puellae
1017 1111 1107 1169 rectis
1131 1109 1223 1168 oeulis
1247 1109 1328 1167 viros

155 1199 338 1258 intueantur.
375 1199 481 1257 Paullo
505 1199 665 1258 violentius
689 1200 766 1257 foret
792 1193 891 1258 κάτω
911 1196 977 1272 μὲν
997 1191 1100 1279 (γὰρ),
1122 1217 1176 1256 nee
1199 1199 1328 1256 fortasse

155 1287 366 1364 necessarium,
386 1289 456 1364 quia
474 1287 566 1348 verbo
586 1282 695 1361 ῥέπειν
714 1289 774 1346 iam
792 1287 871 1347 inest
889 1287 1136 1362 propendendi
1155 1287 1250 1360 noti03
1274 1305 1328 1345 nee

156 1379 257 1434 tamen
275 1395 352 1452 nego
371 1396 418 1435 me
437 1375 481 1435 ita
500 1377 644 1450 seriptum
665 1377 727 1434 fere
745 1378 843 1458 malle..

245 1463 433 1526 CCXLVIII.
457 1465 504 1524 sia
524 1465 667 1524 constitui
694 1466 774 1527 Plut.
784 1467 858 1525 Mor.
868 1484 936 1541 pag.
949 1467 1033 1526 1087
1048 1465 1081 1524 in
1093 1464 1329 1524 Plutaroheis

156 1558 191 1612 et
204 1553 399 1613 Lucianeis
417 1575 485 1630 pag.
501 1557 556 1613 41:
575 1550 626 1613 καὶ
645 1549 663 1612 6
683 1549 799 1628 χρόνος
814 1549 832 1612 ὁ
848 1552 905 1629 μὲν
923 1549 1048 1614 τούτων
1067 1549 1106 1613 οὐ
1125 1549 1235 1626 πολὺς,
1254 1545 1330 1611 ἀλλ’

157 1637 263 1716 ὥςπερ
283 1636 439 1721 (ἀςτέρες)
458 1639 489 1702 οἱ
508 1640 690 1720 διᾴττοντες
710 1637 824 1716 ἔξαψιν
848 1639 911 1717 ἅμα
934 1639 985 1702 καὶ
1004 1639 1105 1718 ςβέςιν
1128 1639 1164 1701 έν
1182 1643 1220 1720 τῇ
1241 1637 1329 1715 ςαρκὶ

156 1726 382 1805 λαμβάνουςιν·
418 1726 437 1791 6
463 1729 498 1791 δὲ
524 1732 583 1791 τοῦ
609 1727 713 1800 πόνου
740 1728 872 1808 (πολὺς,
899 1726 957 1811 οὗ)
983 1726 1099 1805 μάρτυς
1127 1725 1146 1788 6
1172 1725 1327 1804 Αἰςχύλου

155 1816 350 1895 Φιλοκτήτης
369 1816 491 1881 ἱκανός·
520 1815 559 1880 οὐ
578 1816 639 1895 γὰρ
659 1816 677 1880 ὁ
697 1815 832 1895 δράκων,
853 1818 956 1895 φηςίν,
976 1816 1096 1898 έκῆκεν,
1116 1812 1192 1879 ἀλλ’

900 1906 1029 1988 ένῴκιςε
1054 1969 1059 1978 ,

394 1995 502 2072 δεινὴν
522 1995 685 2071 ςτομωτὸν
703 1993 842 2073 ἔκφυςιν,
862 1995 963 2059 ποδὸς
982 1993 1099 2071 λαβών.

243 2088 408 2147 Praeeunte
428 2088 506 2146 enim
521 2087 681 2163 Madvigip,
701 2088 793 2147 verba
812 2083 851 2148 οὐ
870 2084 931 2162 γὰρ
946 2083 965 2146 6
980 2082 1107 2161 δράκων
1121 2081 1234 2160 ἐνῆκεν
1249 2104 1327 2161 quae

153 2177 254 2254 vulgo,
274 2180 405 2236 correcto
421 2173 528 2236 δακὼν
542 2195 596 2252 pro
611 2171 630 2235 6
645 2171 781 2251 δράκων,
799 2177 948 2254 Aeschylo
963 2176 1146 2250 tribuuntur,
1165 2175 1327 2235 Plutarcho

155 2265 330 2326 adiudioavi.

226 2354 367 2415 CCLVII.
392 2350 443 2413 καὶ
462 2351 537 2414 τοὺς
556 2348 714 2414 θανόντα(
733 2350 760 2414 εἰ
779 2351 882 2416 θέλεις
901 2350 1093 2432 εὐεργετεῖν,

394 2439 413 2502 ὃ
432 2443 527 2515 γοῦν
546 2444 736 2518 κακουργεῖν
755 2439 947 2518 ἀμφιδεξίως
967 2437 1033 2517 έχει

393 2529 453 2591 καὶ
473 2530 549 2606 μήτε
570 2528 690 2606 χαίρειν
710 2531 786 2607 μήτε
806 2532 970 2593 λυπεῖςθαι
991 2529 1161 2607 βροτοὺς.

393 2618 484 2696 ἡμῶν
503 2639 539 2692 γε
560 2619 667 2696 μέντοι
689 2619 816 2696 Νέμεςις
836 2616 903 2682 έςθ’
922 2617 1081 2695 ὑπερτέρα

394 2707 445 2769 καί
464 2710 522 2769 τοῦ
540 2705 697 2770 θανόντος
715 2708 735 2784 ἡ
754 2706 823 2784 δίκη
843 2705 970 2785 πράεςει
989 2705 1119 2769 κότον·

242 2798 339 2857 Aeula
367 2799 506 2874 Engerus
538 2799 662 2875 agnovit
693 2799 785 2858 verba
817 2817 882 2858 esse
909 2798 1022 2857 Priami
1054 2798 1260 2874 respondentis
1288 2797 1326 2856 ad

154 2887 280 2946 Achillis
300 2889 473 2962 orationem,
494 2908 552 2964 quo
570 2888 765 2963 probabiliter
783 2889 876 2956 refert
893 2907 1014 2948 versum
1034 2907 1052 2945 a
1071 2885 1162 2946 Suida
1181 2905 1203 2945 s
1218 2907 1245 2946 ν.
1265 2902 1325 2945 πα-

157 2970 302 3048 λαιγενές
322 2979 475 3038 servatum

127 3075 129 3084 ’
393 3061 595 3141 εὐεργετῆςαι
613 3061 673 3140 γὰρ
693 3061 730 3125 τὸ
750 3061 830 3141 ςῶμ’
848 3062 887 3126 οὐ
907 3062 1069 3141 βούλομαι.

244 3153 316 3213 Loei
335 3155 421 3214 valde
440 3155 596 3230 depravati
614 3158 675 3214 tres
694 3174 798 3216 versus
817 3155 931 3231 priores
950 3156 993 3214 ita
1011 3156 1149 3231 legerim:

393 3241 538 3304 καὶτοὺς
558 3239 717 3303 θανόντας
737 3241 764 3304 εἰ
783 3241 886 3304 θέλεις
906 3240 1087 3318 εὐεργετεῖν

393 3327 465 3393 εἴτ’
482 3329 551 3393 οὖν
569 3335 768 3408 κακουργεῖν,
787 3328 979 3407 ἀμφιδεξίως
999 3328 1065 3407 ἔχει

339 3412 343 3421 “
393 3417 450 3482 οἷς
471 3421 546 3496 μήτε
567 3417 688 3495 χαίρειν
707 3421 783 3497 μήτε
804 3421 967 3482 λυπεῖςθαι
987 3418 1096 3496 πάρα,

154 3511 210 3570 hae
236 3512 396 3570 sententia:
428 3516 463 3572 et
488 3511 644 3578 mortuis
670 3511 748 3572 sive
773 3513 862 3571 bene
890 3511 966 3570 sive
992 3512 1084 3570 male
1110 3511 1230 3570 faeere
1258 3509 1327 3585 vis,

153 3599 305 3676 perinde
324 3601 358 3659 id
377 3601 423 3660 iis
443 3603 511 3674 est,
531 3600 662 3676 quibus
680 3620 743 3660 nee
762 3601 894 3676 gaudio
917 3620 979 3659 neo
1002 3601 1127 3682 dolore
1151 3599 1254 3658 affici
1273 3600 1328 3657 est

153 3689 342 3764 reliquum.
379 3690 415 3748 In
434 3691 479 3749 his
500 3684 560 3749 εἴτ’
579 3684 638 3748 οὖν
657 3689 784 3748 debetur
798 3690 976 3762 Hermanno,
996 3684 1083 3763 πάρα
1098 3688 1257 3762 Madvigio,
1278 3681 1326 3747 οἷς

158 3777 239 3838 mihi.
279 3775 420 3852 Βροτοιί(
438 3798 520 3837 more
539 3797 593 3837 suo
613 3777 734 3836 Stobaei
751 3779 868 3837 librarii
885 3798 939 3854 pro
955 3778 1109 3837 deficiente
1122 3777 1197 3853 pede
1213 3777 1329 3851 supple-

159 3867 238 3926 visse
257 3868 406 3929 videntur.
437 3866 531 3926 Paulo
549 3866 669 3942 quidem
688 3867 784 3926 lenius
808 3869 955 3944 corrigere
978 3868 1074 3942 possis
1090 3861 1196 3939 μόρος,
1215 3865 1328 3925 fatale

158 3960 226 4029 est,
253 3957 358 4016 dubito
384 3958 486 4016 tamen
511 3976 582 4014 num
608 3958 702 4030 reete,
733 3956 803 4032 quia
833 3952 931 4030 μόρος
957 3958 1127 4016 constanter
1153 3956 1189 4012 de
1214 3956 1327 4014 morte

154 4045 262 4122 tragici
276 4048 467 4120 usurparunt.
500 4045 647 4103 Ultimum
661 4064 790 4118 versum,
810 4065 899 4121 quem
913 4065 972 4104 non
986 4047 1130 4104 sanarunt
1143 4043 1329 4102 eruditorum

155 4135 352 4207 coniecturae,
371 4152 429 4192 non
448 4134 546 4209 magis
563 4133 628 4208 ipse
653 4133 785 4208 expedio,
804 4135 862 4193 nisi
879 4136 957 4193 forte
977 4133 1101 4192 suffieit:

392 4219 442 4282 καὶ
461 4223 519 4281 τοῦ
538 4215 694 4282 θανόντος
713 4219 732 4295 ἡ
753 4219 822 4296 δίκη
841 4218 970 4296 πρὰςςει
989 4217 1128 4296 τάφον,

153 4312 189 4368 et
212 4303 244 4392 (a
267 4305 367 4394 nobis)
396 4311 543 4370 iustitia
567 4310 687 4386 poscit
715 4312 847 4372 mortui
876 4313 1111 4387 sepulturam.
1148 4310 1327 4369 Huiusmodi

154 4402 234 4459 certe
254 4401 432 4461 sententiam
451 4403 606 4460 contextus
625 4402 778 4476 postulare
797 4401 924 4466 videtur.
