3084 4958
529 228 748 284 Emendaticnes
768 227 948 298 Aeschylcae.
982 195 1006 280 ,Ι
1266 229 1329 293 143

245 398 340 456 1605.
364 396 528 472 Aegisthus
553 398 589 456 dc
608 416 640 457 se
663 416 730 456 cum
754 397 886 474 Thyeste
914 399 1000 474 patre
1028 398 1116 473 pulso
1140 397 1170 456 in
1195 397 1328 457 erilium:

264 479 265 482 ’
366 480 474 559 τρίτον
493 481 554 561 γάρ
574 479 653 547 ὄντα
673 480 707 560 μ’
725 482 788 546 ἐπὶ
807 480 886 547 δέκ’
904 481 1003 566 ἀθλίῳ
1023 482 1120 561 πατρὶ

369 572 587 637 ςυνεξελαύνει
606 572 723 636 τυτθὸν
742 569 814 636 ἀντ’
832 571 869 635 ἐν
887 570 1090 651 ςπαργάνοις.

243 664 279 722 In
307 663 479 724 Schneider-i
509 668 540 724 ct
567 664 709 724 Meinskii
736 665 912 725 coniecturis
939 660 994 726 ἔτι
1021 659 1188 742 δυςαθλίῳ
1214 667 1246 724 et
1273 660 1330 725 ἔτι
1396 689 1402 702 ·
1439 661 1442 666 '

153 748 334 832 τριςαθλίῳ
358 755 436 812 male
460 753 609 814 redundat
626 755 733 814 vocula
756 748 815 829 ἔτι,
838 773 914 829 quac
937 773 1003 814 cum
1026 751 1143 813 τυτθὸν
1166 748 1246 814 ὄντα
1269 755 1330 815 illic

152 843 252 920 posita
269 842 353 918 iungi
371 861 431 902 non
449 843 553 919 possit,
573 843 605 902 in
619 842 874 903 Schcemanniana
891 863 962 904 vero
981 838 1033 904 ἐπὶ
1053 837 1225 921 δυςαθλίῳ
1244 862 1329 919 prae-

78 990 81 998 ,
153 931 272 1008 positio.
313 931 503 1008 Ineptissime
527 935 629 992 autern
647 933 814 992 abundaret
832 928 885 992 ἐπὶ
903 926 964 1007 δύ’,
989 932 1068 1009 quod
1085 931 1244 1008 Empcrius
1261 952 1329 1008 prc-

152 1021 262 1096 pcsuit
282 1039 349 1079 cum
367 1022 550 1096 praesertim
568 1021 663 1080 filium
682 1024 756 1080 natu
775 1020 931 1080 minimum
950 1041 982 1081 se
1000 1040 1066 1081 essa
1085 1021 1159 1081 satis
1178 1021 1210 1079 in
1227 1040 1271 1081 vs.
1287 1040 1330 1081 se-

152 1110 257 1186 quenti
272 1108 419 1186 significet
428 1110 603 1186 Aegisthus.
631 1110 699 1170 Non
714 1110 773 1170 fuit
783 1111 829 1170 bis
838 1110 911 1171 virle
922 1111 1038 1171 felicior
1047 1109 1174 1170 Wcilius
1184 1111 1332 1170 coniciens

153 1192 289 1272 ἐπίτεκ’,
314 1199 393 1274 quud
417 1217 485 1258 cum
513 1201 551 1259 ob
575 1198 700 1258 eandem
726 1195 847 1259 causain
871 1200 1053 1260 reiciendum
1079 1202 1138 1274 cst,
1165 1203 1233 1260 tum
1260 1200 1331 1276 quia

152 1287 332 1347 adiectivum
351 1283 457 1349 ἐπίτεξ
475 1289 596 1348 notione
614 1289 744 1348 multum
763 1288 881 1348 diversa
900 1290 996 1349 soleat
1013 1289 1160 1365 usurpari.

243 1375 353 1436 Omnes
373 1380 475 1436 autem
493 1377 611 1438 criticos
630 1377 746 1452 fugisse
764 1377 855 1437 miror
874 1377 1036 1438 desiderari
1058 1378 1090 1436 in
1113 1396 1201 1438 versu
1222 1377 1332 1454 depra-

151 1469 222 1526 vato
242 1466 464 1526 substantivum
483 1485 605 1542 prorsus
625 1466 840 1540 necessarium,
864 1484 922 1543 quo
941 1467 1047 1526 filius
1065 1469 1119 1526 aut
1136 1486 1224 1542 puer
1238 1466 1331 1542 signi,

152 1555 267 1616 ficetur.
300 1554 394 1625 Quale
414 1555 637 1622 substantivum
656 1575 724 1616 cum
738 1555 837 1615 omitti
851 1574 869 1614 a
883 1559 973 1632 poeta
986 1557 1069 1616 nullo
1083 1557 1171 1616 modo
1185 1557 1330 1631 potuerit·

152 1643 301 1719 probabili
319 1644 491 1704 coniectura
510 1645 687 1704 scribemus:
767 1636 769 1640 ’
1268 1636 1272 1642 ’

383 1727 491 1807 τρίτον
509 1729 571 1808 γὰρ
591 1728 670 1796 ὄντα
690 1750 731 1810 με
751 1731 891 1796 τέκνον
909 1729 1009 1814 ἀθλίῳ
1028 1730 1132 1809 πατρί,

153 1841 217 1882 srva

367 1907 475 1986 τρίτον
493 1908 554 1987 γὰρ
573 1907 653 1973 ὄντα
672 1907 707 1989 μ’
725 1909 809 1975 υἱὸν
828 1907 928 1993 ἀθλίῳ
947 1909 1052 1988 πατρὶ,
1169 1919 1176 1926 ’

154 2020 218 2060 s1ve

367 2086 475 2165 τρίτον
493 2087 554 2166 γάρ
574 2087 653 2152 ὄντα
676 2087 798 2153 παῖδά
817 2087 851 2167 μ’
869 2086 968 2171 ἀθλίῳ
988 2088 1091 2166 πατρὶ.

157 2179 272 2249 Quibus
292 2179 440 2240 scribendi
456 2181 623 2241 rationibus
641 2201 700 2242 non
719 2183 827 2242 addam
845 2185 922 2242 hanc
940 2184 1090 2257 quartam:

368 2265 476 2344 τρίτον
494 2266 555 2346 γὰρ
575 2265 654 2331 όντα
674 2266 709 2346 μ’
726 2266 802 2331 ίνιν
821 2266 921 2349 ἀθλίῳ
941 2267 1050 2345 πατρί,

155 2359 316 2434 propterca
339 2359 419 2435 quod
443 2360 498 2420 hac
522 2377 593 2420 voce
617 2361 725 2438 tragici
748 2361 779 2419 in
799 2360 939 2421 diverbiis
958 2359 1006 2418 usi
1023 2378 1083 2418 non
1102 2362 1181 2420 sunt.
1222 2360 1268 2418 Ex
1285 2380 1330 2420 ra-

155 2448 244 2524 liquis
263 2451 365 2508 autem
385 2467 462 2525 quaa
480 2468 552 2508 vera
571 2450 619 2524 sit,
638 2469 724 2510 nemo
743 2450 830 2509 facile
849 2453 929 2518 certo
948 2448 1064 2510 dixerit.

247 2539 340 2597 1608.
369 2534 420 2604 καὶ
438 2537 534 2598 τοῦδε
553 2532 690 2613 τάνδρὸς
707 2533 840 2616 ἡψάμην
859 2539 1017 2613 θυραίας
1037 2533 1092 2612 ὢν,

369 2625 472 2686 πάςαν
492 2622 634 2702 ςυνάψας
654 2625 798 2703 μηχανὴν
817 2622 1054 2703 όυςβουλίας.
1133 2647 1136 2652 ·

207 2711 212 2720 ’
244 2715 335 2775 Recte
346 2715 512 2775 Karstenus
528 2713 744 2792 εὐβουλίας,
760 2718 813 2776 sed
826 2720 983 2792 praeterea
996 2717 1194 2792 depravatum
1208 2717 1328 2776 videtur

156 2804 295 2879 θυραῖος.
318 2805 396 2864 Nam
406 2823 502 2881 neque
512 2805 602 2865 foris
614 2799 888 2888 (ciOhcepblld)
898 2804 1063 2882 Aegisthus
1073 2805 1330 2882 Agamemnonem

155 2897 209 2953 aut
227 2894 257 2952 vi
270 2896 325 2953 aut
341 2893 456 2953 insidiis
474 2895 630 2970 petiverat,
650 2897 703 2956 sad
719 2894 800 2956 domi
814 2887 866 2976 (cl,
884 2897 967 2955 1625
979 2887 1037 2974 sq.)
1051 2913 1147 2972 neque
1161 2914 1220 2970 quc
1240 2915 1328 2954 sensu

156 2984 297 3042 alienus
316 2983 470 3057 diceretur,
490 2984 564 3043 satis
583 3003 736 3061 assequor.
767 2984 834 3044 Nisi
849 2985 970 3061 egregie
988 2984 1085 3061 fallor,
1103 2986 1193 3060 poeta
1206 2985 1331 3044 dederat

155 3065 290 3146 ἀραῖος
308 3072 429 3132 notione
447 3073 557 3146 activa,
580 3077 615 3133 ut
633 3075 812 3135 vccabulum
830 3077 994 3150 usurpatur
1031 3073 1252 3147 Trach.·1202,
1270 3073 1330 3150 qui

156 3161 253 3220 diras
279 3161 390 3221 alicui
414 3162 641 3238 imprecatur.
689 3163 778 3240 Soph.
794 3163 832 3222 fr.
849 3165 911 3224 791
933 3182 988 3239 pro
1009 3162 1143 3237 θυραῖον
1167 3164 1187 3222 l.
1208 3157 1328 3237 ἀραιόν.

590 3309 646 3366 Ad
664 3310 892 3380 Ohoephoros.

245 3430 297 3490 Vs.
313 3433 364 3491 32.
623 3426 719 3504 τορὸς
737 3426 798 3504 γὰρ
818 3425 965 3505 ὀρθόθριξ
985 3424 1107 3504 φόβος

370 3515 479 3594 δόμων
498 3514 726 3596 ὀνειρόμαντις,
746 3517 778 3582 ἐξ
798 3516 901 3580 ὕπνου
922 3514 1019 3580 κότον

370 3606 487 3685 πνέων,
507 3604 713 3684 ἀωρόνυκτον
733 3604 881 3684 ἀμβόαμα

369 3693 508 3772 μυχόθεν
528 3694 621 3759 ἔλακε
641 3695 727 3773 περὶ
745 3693 865 3777 φόβῳ,

369 3783 590 3858 γυναικείοιςιν
609 3785 645 3848 ἐν
664 3783 804 3862 δώμαςιν
824 3785 921 3863 βαρὺς
939 3783 1069 3848 πίτνων.

246 3875 331 3933 Nihil
353 3875 507 3951 proficitur
529 3878 615 3937 Porti
643 3878 813 3938 coniectura
835 3874 1036 3954 περιφόβως,
1059 3896 1137 3954 quae
1155 3897 1214 3937 non
1241 3877 1330 3936 tollat

157 3965 363 4042 antelogium.
400 3964 532 4026 Conieci:

369 4086 413 4098 -
432 4050 638 4130 ἀωρόνυκτον
657 4050 805 4132 ἀμβόαμα

371 4138 510 4219 μυχόθεν
528 4140 623 4205 ἔλακε
643 4141 885 4221 παράφορον,
905 4144 969 4206 κτλ.

159 4234 196 4293 cl.
209 4234 332 4294 Lucian.
352 4255 409 4295 am.
431 4237 470 4294 13
496 4230 633 4310 ἐμμανές
656 4250 685 4293 τι
707 4232 759 4294 καὶ
781 4229 1013 4310 παράφορον
1037 4228 1214 4311 ἀναβοᾶν.
1256 4234 1330 4294 Sub-

159 4323 291 4385 stantivc
315 4318 502 4408 unpebopd·
515 4325 618 4384 noster
640 4339 712 4384 usus
736 4327 783 4385 est
805 4311 929 4385 dunen.
949 4326 1025 4400 330,
1047 4326 1120 4386 342,
1161 4324 1330 4406 Hesychius

159 4405 397 4488 παράφορος;
418 4444 460 4457 -
480 4407 659 4490 ἐξεςτηκώς.
