3084 4958
220 169 284 233 150
657 169 692 226 H.
712 185 767 225 van
785 169 966 224 Herwerdenr

177 399 182 408 ,
218 331 376 415 ἐμφόβῳ
400 337 419 397 i.
438 355 462 396 e.
486 335 631 415 φοβερῷ,
655 354 714 412 quo
738 337 1030 398 sensu‘uooabulurn
1054 337 1211 414 usurpavit
1235 337 1406 414 Sophocles

308 507 520 589 Ἀθέρμαντον
548 508 666 582 ἑττίαν,
699 514 779 588 quod
806 515 885 574 male
913 509 1111 590 άθράτυντον
1140 516 1268 593 explieat
1296 517 1406 590 schol,

217 603 353 679 intelligo
381 603 497 663 focum
526 622 594 662 non
621 621 821 678 accensum,
849 603 867 664 i.
891 623 914 664 e.
941 604 1076 682 domum,
1104 605 1158 663 ubi
1184 606 1310 664 maritus
1338 601 1406 665 οὐκ

219 686 300 753 αἴθει
325 691 387 766 πῦρ
410 688 463 752 ἐπὶ
485 693 542 767 τῆε
565 686 667 751 ἑττίατ
691 688 987 770 (etAgam.1435:
1013 690 1074 753 turc
1098 689 1138 754 ἂν
1161 688 1234 772 αἴθῃ
1254 694 1317 768 πῦρ
1337 689 1404 768 ἐφ’

220 775 411 855 traiecisti(
426 774 593 857 Αἴγιτθοε),
612 775 794 852 γυναικείαν
817 811 853 822 -
876 775 1017 857 ἄτολμον
1032 787 1133 842 autem
1152 783 1404 859 ignavumque

216 870 406 946 imperium
425 870 610 930 muliebre.

308 959 479 1034 Sequuntur
497 961 582 1019 haee:
700 958 702 962 ’

430 1048 537 1109 κακῶν
556 1045 591 1108 δὲ
611 1043 816 1122 πρεεβεάεται
835 1045 873 1108 τά
892 1044 1031 1124 Λήμνιον

430 1131 531 1216 λόγῳ·
551 1135 664 1209 γοᾶται
684 1134 719 1196 δὲ
738 1135 781 1212 δὴ
801 1132 911 1198 πόθει
930 1132 1163 1199 κατάπτυετον·

307 1226 365 1285 Vix
383 1226 465 1285 aliud
484 1228 578 1286 latere
597 1229 671 1302 puto
690 1245 780 1302 quam
798 1227 865 1287 hoo:

430 1314 544 1387 γοᾶται
563 1311 599 1374 δὲ
618 1315 662 1389 γῆ
684 1307 803 1397 (tellus)
822 1310 942 1376 πάθοι
960 1310 1196 1377 κατάπτυττον·

1499 737 1502 822 l

217 1404 297 1480 quod
323 1424 383 1464 non
411 1407 482 1481 eget
508 1406 682 1480 interprete.
729 1403 892 1480 Hartungii
920 1405 1089 1466 coniectura
1117 1400 1269 1481 δημόθεν,
1299 1424 1392 1482 nuper
1498 1438 1500 1493 3

216 1495 344 1570 probata
372 1493 589 1568 Sehoemauno‚
616 1512 651 1553 eo
679 1493 798 1553 laborat
826 1494 1024 1568 incommodo,
1055 1495 1134 1570 quod
1164 1497 1321 1572 suspectus
1347 1496 1392 1554 est

217 1602 438 1748 ιειίἱααβὲιέῗῑιιναο
451 1582 509 1642 τοῦ
524 1581 646 1656 γοᾶται.
669 1583 717 1642 Ita
729 1584 836 1642 saltem
850 1584 940 1644 simul
955 1603 1021 1644 cum
1030 1583 1208 1644 Blomfieldo
1224 1584 1394 1646 sribendum

176 1765 184 1776 '
307 1764 378 1823 670.
406 1761 442 1819 In
470 1779 586 1820 comm.
610 1760 721 1821 Amst.
743 1780 798 1836 pro
832 1757 990 1822 δικαίων
1013 1755 1044 1820 τ’
1073 1756 1251 1837 ὀμμάτων
1284 1762 1397 1822 conieci
1496 1806 1498 1834 ,

217 1849 344 1911 καλῶν
366 1865 405 1910 τε
431 1844 649 1926 βρωμάτων,
674 1851 717 1909 ita
735 1853 836 1910 tamen
854 1855 890 1910 ut
912 1852 950 1910 de
968 1851 1024 1909 hoe
1041 1870 1140 1929 versu,
1158 1873 1230 1911 num
1248 1852 1396 1927 genuinus
1494 1900 1495 1913 ,

218 1940 257 1999 sit
280 1939 449 1999 dubitarem
467 1943 590 2016 propter
612 1939 760 1999 inficetam
778 1940 938 1999 verborum
957 1941 1213 2016 compositionem:
1238 1935 1397 2013 πάρεετι

221 2061 258 2069 -
276 2023 474 2103 παρουτία.
512 2027 575 2098 Quo
591 2028 698 2108 deleto,
712 2028 879 2088 revocanda
892 2029 984 2088 fuerit
999 2029 1107 2089 codicis
1121 2031 1209 2090 lectio
1228 2026 1398 2104 θελκτήρια
1492 2060 1494 2118 3

217 2137 272 2194 pro
292 2112 467 2192 θελκτηρία.

309 2209 381 2268 684.
400 2207 459 2266 Pro
470 2207 565 2266 altero
577 2199 638 2266 εἴτ’
652 2201 720 2269 οὖν
733 2205 845 2266 ibidem
858 2207 1001 2284 proposui
1015 2200 1087 2268 εἴθ’
1101 2201 1158 2266 ωε.
1182 2207 1250 2268 Vid.
1261 2206 1397 2268 Dindorf.
1494 2287 1495 2294 ἵ

216 2298 281 2360 lex.
299 2296 430 2355 Aesch.
449 2296 535 2357 Add.
554 2316 583 2371 p.
598 2295 708 2358 43οΑ.

309 2387 426 2460 deasq.
454 2385 569 2444 Ibidem
592 2388 662 2460 post
684 2383 851 2461 longiorem
874 2388 978 2444 contr-a
996 2385 1162 2446 Weckleini
1185 2385 1394 2460 coniecturam,

219 2494 309 2550 quam
327 2474 485 2549 proposuit
502 2473 533 2531 in
556 2474 722 2548 Aeschyl.
743 2472 892 2532 Studien
915 2492 983 2550 pag.
1005 2477 1065 2534 161
1078 2493 1129 2551 αα,
1153 2473 1397 2549 disputationem,
1493 2499 1495 2546 g

217 2564 345 2639 probata
379 2563 504 2638 pulchra
537 2561 734 2638 Bambergeri
763 2562 945 2622 correctione
973 2557 1070 2637 ζάλης
1100 2581 1155 2639 pro
1184 2561 1295 2638 καλῆς,
1330 2563 1398 2640 ipse
1514 2583 1515 2640 1

217 2671 271 2728 pro
289 2654 428 2727 corrupto
446 2650 643 2727 παροῦεαν
660 2651 802 2727 proposui
821 2646 1015 2726 ῥαγεῖεαν,
1034 2653 1070 2713 cl.
1083 2652 1261 2728 Agamemn.
1277 2653 1351 2711 505.

310 2742 381 2802 706.
414 2740 530 2800 Ibidem
565 2742 688 2800 conatus
720 2759 787 2800 sum
820 2739 1024 2800 demonstrare
1055 2760 1110 2816 pro
1138 2737 1398 2814 κατεξενωμένον

179 2827 182 2831 ’
217 2829 402 2906 probabilius
431 2847 498 2888 esse
526 2825 819 2903 κατηξιωμένον,
847 2829 866 2889 i.
885 2830 1078 2914 &dignum
1106 2829 1317 2903 iudicatum,
1346 2829 1399 2904 qui

218 2919 297 2978 tanti
314 2917 458 2977 momenti
477 2918 617 2977 nuntium
636 2917 782 2992 afferrem,
802 2919 865 2978 sive
883 2918 1034 2993 iussum,
1053 2921 1089 2978 eL
1103 2918 1209 2995 Agam.
1225 2921 1297 2979 572.

309 3010 371 3069 719
383 3025 427 3083 sq.
449 3025 509 3066 non
527 3026 587 3066 una
606 3007 643 3066 de
662 3025 752 3066 causa
770 3007 939 3083 suspectari
957 3006 1076 3067 ibidem.

310 3097 383 3156 732.
408 3094 465 3155 ποῖ
483 3093 521 3170 δὴ
541 3095 667 3170 πατεῖς,
689 3093 822 3170 tituto,
842 3091 1000 3171 δωμάτων
1018 3092 1152 3167 πάλας
1193 3125 1195 3128 -

218 3185 350 3244 Pennire
361 3184 474 3244 dietum
484 3187 530 3244 est
540 3185 654 3245 πατεῖν
664 3181 767 3245 πύλαε
777 3204 831 3260 pro
846 3186 944 3246 foras
958 3185 1162 3260 procedere.
1191 3185 1395 3260 Expectabam

219 3273 356 3351 equidem
370 3273 428 3332 ποῖ
443 3271 480 3348 δὴ
496 3273 614 3346 πατεῖε,
632 3268 761 3348 Κίλιτεα,
777 3268 934 3348 δωμάτων
949 3268 1133 3349 πάροεγιιι
1147 3274 1222 3334 dixit
1234 3274 1394 3349 Sophocles
1494 3275 1495 3329 l

219 3363 301 3422 Aiae.
325 3365 364 3423 73
396 3361 500 3436 ττεῖχε
529 3356 714 3436 δωμάτων
741 3357 876 3437 πάροε,
903 3369 934 3422 et
951 3360 1012 3421 non
1030 3364 1123 3422 semel
1148 3362 1316 3438 Euripides.
1360 3361 1398 3419 In

220 3452 356 3528 sequenti
381 3469 470 3512 uersu
494 3468 550 3527 pro
576 3445 729 3526 ἄμιτθυε
754 3452 897 3528 proposui
921 3445 1089 3526 ἄμικτοι,
1114 3452 1174 3512 ie.
1194 3445 1316 3525 άγριοτ,
1341 3450 1397 3508 in-

220 3539 422 3613 sociabilis,
442 3541 474 3598 in
493 3538 619 3600 Oomm.
638 3539 748 3600 Amet.
1257 3566 1283 3614 0

311 3631 383 3690 744.
429 3623 473 3689 oc
492 3643 544 3701 μοι
563 3625 678 3703 τὰμὲν
697 3624 818 3688 παλαιά
837 3625 1124 3702 ευγκεκραμένα

433 3709 514 3791 άλγη
534 3712 679 3777 δύεοιετα
699 3711 816 3795 [τοῑεδ’
833 3714 870 3778 ἐν
889 3712 1023 3792 Ἀτρέωε
1043 3712 1152 3791 δόμοι(

432 3799 565 3880 τυχόντ’
582 3801 674 3883 ἐμὴν]
693 3803 832 3881 ἤλγυνεν
850 3802 887 3866 ἐν
907 3804 1048 3882 ετέρνοιτ
1067 3803 1180 3881 φρένα.

279 3879 282 3884 ’
309 3893 386 3967 Quia
405 3893 518 3954 Graece
541 3893 657 3953 dicatur
680 3893 887 3970 ευγκέκραμαι
909 3895 1019 3955 κακοῑε
1043 3896 1140 3972 simil,
1164 3913 1224 3953 non
1246 3888 1326 3954 κακά
1344 3907 1396 3968 μοι
1494 3900 1496 3919 ¹

1496 1514 1500 1553 l

222 3982 438 4059 ευγκέκραται,
468 3984 498 4043 in
526 3981 651 4042 Oomm.
676 3983 787 4043 Amet
812 3984 905 4044 malui
935 3981 1180 4062 ευγκεκραμὲνῃ,
1207 3985 1396 4044 concretae
1496 4011 1498 4066 ,ι

192 4131 195 4138 .
221 4095 259 4138 sc.
269 4075 330 4134 illis
346 4072 505 4133 doloribus.
530 4073 632 4132 Verba
646 4075 747 4132 autem
759 4073 875 4132 inclusa
888 4092 943 4150 per
956 4091 989 4135 se
1002 4074 1122 4149 quidem
1137 4076 1272 4149 spectata
1289 4072 1396 4132 melius

221 4165 325 4224 abesse
351 4162 497 4238 dicebam,
523 4180 583 4221 nou
609 4165 709 4227 tamen
727 4162 858 4222 fortasse
881 4162 1024 4222 dedecere
1041 4163 1150 4222 bonam
1173 4162 1307 4221 vetulam
1332 4179 1397 4221 ver-

221 4253 368 4312 bosiorem
392 4251 566 4313 orationem.
606 4250 653 4310 Ex
675 4251 764 4311 huius
788 4270 905 4328 quoque
928 4270 1056 4327 persona
1079 4251 1205 4310 forsitan
1228 4251 1325 4326 possit
1349 4250 1397 4308 de·
1432 4295 1436 4309 .
1496 4295 1499 4342 q

221 4341 305 4400 feudi
324 4358 430 4417 parum
450 4341 571 4416 elegans
590 4338 679 4398 dictio
699 4333 793 4414 άλγη
806 4370 843 4380 -
862 4335 989 4415 άλγυνε,
1003 4341 1055 4400 ubi
1069 4339 1155 4397 malit
1168 4339 1276 4414 aliquis
1291 4333 1397 4412 πάθη.
1497 4347 1499 4400 l
