<?xml version="1.0" encoding="UTF-8"?>
<!DOCTYPE html PUBLIC "-//W3C//DTD XHTML 1.0 Transitional//EN"
    "http://www.w3.org/TR/xhtml1/DTD/xhtml1-transitional.dtd">
<html xmlns="http://www.w3.org/1999/xhtml" xml:lang="en" lang="en">
 <head>
  <title>
</title>
<meta http-equiv="Content-Type" content="text/html;charset=utf-8" />
  <meta name='ocr-system' content='tesseract 3.04.00' />
  <meta name='ocr-capabilities' content='ocr_page ocr_carea ocr_par ocr_line ocrx_word'/>
</head>
<body>
  <div class='ocr_page' id='page_1' title='image "./emendationesaes00herwgoog_0050.png"; bbox 0 0 3084 4958; ppageno 0'>
   <div class='ocr_carea' id='block_1_1' title="bbox 451 211 952 279">
    <p class='ocr_par' dir='ltr' id='par_1_1' title="bbox 451 211 952 279">
     <span class='ocr_line' id='line_1_1' title="bbox 451 211 952 279; baseline -0.012 -9"><span class='ocrx_word' id='word_1_1' title='bbox 451 261 455 270; x_wconf 94' lang='lat'>.</span> <span class='ocrx_word' id='word_1_2' title='bbox 540 211 755 267; x_wconf 79' lang='lat' dir='ltr'>Emendationee</span> <span class='ocrx_word' id='word_1_3' title='bbox 773 211 952 279; x_wconf 81' lang='lat' dir='ltr'>Aeschyleue.</span> 
     </span>
    </p>
   </div>
   <div class='ocr_carea' id='block_1_2' title="bbox 469 673 1044 786">
    <p class='ocr_par' dir='ltr' id='par_1_2' title="bbox 469 673 1044 786">
     <span class='ocr_line' id='line_1_2' title="bbox 469 673 1044 786; baseline -0.003 0"><span class='ocrx_word' id='word_1_4' title='bbox 469 713 648 786; x_wconf 81' lang='lat' dir='ltr'>Addendu</span> <span class='ocrx_word' id='word_1_5' title='bbox 675 713 722 784; x_wconf 83' lang='lat' dir='ltr'>ad</span> <span class='ocrx_word' id='word_1_6' title='bbox 749 673 1044 784; x_wconf 65' lang='lat' dir='ltr'>Prometheum</span> 
     </span>
    </p>
   </div>
   <div class='ocr_carea' id='block_1_3' title="bbox 163 957 1351 2798">
    <p class='ocr_par' dir='ltr' id='par_1_3' title="bbox 254 957 1268 1039">
     <span class='ocr_line' id='line_1_3' title="bbox 254 957 1268 1039; baseline -0.003 -12"><span class='ocrx_word' id='word_1_7' title='bbox 254 969 326 1027; x_wconf 88' lang='grc'><strong>788.</strong></span> <span class='ocrx_word' id='word_1_8' title='bbox 359 961 406 1024; x_wconf 82' lang='grc' dir='ltr'>(οὶ</span> <span class='ocrx_word' id='word_1_9' title='bbox 425 965 567 1038; x_wconf 85' lang='grc' dir='ltr'>πρῶτον,</span> <span class='ocrx_word' id='word_1_10' title='bbox 587 957 652 1039; x_wconf 88' lang='grc' dir='ltr'>Ἰοῖ,</span> <span class='ocrx_word' id='word_1_11' title='bbox 671 959 858 1023; x_wconf 79' lang='grc' dir='ltr'>πολύδονον</span> <span class='ocrx_word' id='word_1_12' title='bbox 876 957 1025 1038; x_wconf 83' lang='grc' dir='ltr'>πλάνην</span> <span class='ocrx_word' id='word_1_13' title='bbox 1044 957 1188 1039; x_wconf 74' lang='lat' dir='ltr'>podem,</span> <span class='ocrx_word' id='word_1_14' title='bbox 1207 960 1268 1025; x_wconf 87' lang='grc' dir='ltr'>κτὲ.</span> 
     </span>
    </p>

    <p class='ocr_par' dir='ltr' id='par_1_4' title="bbox 163 1052 1332 1294">
     <span class='ocr_line' id='line_1_4' title="bbox 252 1052 1332 1129; baseline -0.002 -15"><span class='ocrx_word' id='word_1_15' title='bbox 252 1055 379 1115; x_wconf 79' lang='lat' dir='ltr'>Frustra</span> <span class='ocrx_word' id='word_1_16' title='bbox 401 1073 524 1129; x_wconf 76' lang='lat' dir='ltr'>quaero,</span> <span class='ocrx_word' id='word_1_17' title='bbox 548 1071 624 1129; x_wconf 81' lang='lat' dir='ltr'>quae</span> <span class='ocrx_word' id='word_1_18' title='bbox 649 1071 739 1112; x_wconf 81' lang='lat' dir='ltr'>ouusa</span> <span class='ocrx_word' id='word_1_19' title='bbox 761 1071 880 1112; x_wconf 82' lang='lat' dir='ltr'>movere</span> <span class='ocrx_word' id='word_1_20' title='bbox 902 1052 1037 1128; x_wconf 90' lang='lat' dir='ltr'>potnerit</span> <span class='ocrx_word' id='word_1_21' title='bbox 1059 1056 1191 1128; x_wconf 79' lang='lat' dir='ltr'>poetam,</span> <span class='ocrx_word' id='word_1_22' title='bbox 1216 1057 1332 1114; x_wconf 88' lang='lat' dir='ltr'>utnon</span> 
     </span>
     <span class='ocr_line' id='line_1_5' title="bbox 163 1141 1332 1220; baseline -0.003 -16"><span class='ocrx_word' id='word_1_23' title='bbox 163 1148 308 1219; x_wconf 90' lang='lat' dir='ltr'>uteretur,</span> <span class='ocrx_word' id='word_1_24' title='bbox 328 1163 385 1220; x_wconf 90' lang='lat' dir='ltr'>quo</span> <span class='ocrx_word' id='word_1_25' title='bbox 405 1162 471 1202; x_wconf 85' lang='lat' dir='ltr'>oum</span> <span class='ocrx_word' id='word_1_26' title='bbox 489 1141 612 1216; x_wconf 81' lang='lat' dir='ltr'>reliquis</span> <span class='ocrx_word' id='word_1_27' title='bbox 633 1142 729 1216; x_wconf 86' lang='lat' dir='ltr'>poetis</span> <span class='ocrx_word' id='word_1_28' title='bbox 749 1142 794 1200; x_wconf 90' lang='lat' dir='ltr'>uti</span> <span class='ocrx_word' id='word_1_29' title='bbox 813 1142 890 1200; x_wconf 82' lang='lat' dir='ltr'>solet</span> <span class='ocrx_word' id='word_1_30' title='bbox 909 1141 1091 1217; x_wconf 71' lang='lat' dir='ltr'>elegantiore</span> <span class='ocrx_word' id='word_1_31' title='bbox 1109 1144 1269 1204; x_wconf 84' lang='lat' dir='ltr'>vorborum</span> <span class='ocrx_word' id='word_1_32' title='bbox 1288 1163 1332 1202; x_wconf 58' lang='lat' dir='ltr'>ora</span> 
     </span>
     <span class='ocr_line' id='line_1_6' title="bbox 164 1233 772 1294; baseline -0.007 -2"><span class='ocrx_word' id='word_1_33' title='bbox 164 1235 231 1294; x_wconf 88' lang='lat' dir='ltr'>dine</span> <span class='ocrx_word' id='word_1_34' title='bbox 252 1233 420 1294; x_wconf 86' lang='lat' dir='ltr'>scribendo:</span> <span class='ocrx_word' id='word_1_35' title='bbox 770 1257 772 1260; x_wconf 93' lang='lat'>·</span> 
     </span>
    </p>

    <p class='ocr_par' dir='ltr' id='par_1_5' title="bbox 376 1312 1181 1395">
     <span class='ocr_line' id='line_1_7' title="bbox 376 1312 1181 1395; baseline 0.002 -16"><span class='ocrx_word' id='word_1_36' title='bbox 376 1317 424 1380; x_wconf 82' lang='lat' dir='ltr'>cot</span> <span class='ocrx_word' id='word_1_37' title='bbox 443 1317 581 1394; x_wconf 86' lang='grc' dir='ltr'>πρῶτον,</span> <span class='ocrx_word' id='word_1_38' title='bbox 600 1312 653 1378; x_wconf 92' lang='grc' dir='ltr'>Ἰοῖ</span> <span class='ocrx_word' id='word_1_39' title='bbox 671 1313 856 1378; x_wconf 80' lang='grc' dir='ltr'>πολύδονον</span> <span class='ocrx_word' id='word_1_40' title='bbox 875 1312 1004 1392; x_wconf 77' lang='grc' dir='ltr'>φράειιι</span> <span class='ocrx_word' id='word_1_41' title='bbox 1024 1315 1181 1395; x_wconf 88' lang='grc' dir='ltr'>πλάνην.</span> 
     </span>
    </p>

    <p class='ocr_par' dir='ltr' id='par_1_6' title="bbox 166 1407 1333 1576">
     <span class='ocr_line' id='line_1_8' title="bbox 252 1407 1333 1482; baseline 0.005 -15"><span class='ocrx_word' id='word_1_42' title='bbox 252 1410 341 1469; x_wconf 81' lang='lat' dir='ltr'>Hand</span> <span class='ocrx_word' id='word_1_43' title='bbox 366 1427 434 1468; x_wconf 83' lang='lat' dir='ltr'>rere</span> <span class='ocrx_word' id='word_1_44' title='bbox 464 1408 603 1467; x_wconf 78' lang='lat' dir='ltr'>librarios</span> <span class='ocrx_word' id='word_1_45' title='bbox 628 1425 767 1467; x_wconf 83' lang='lat' dir='ltr'>revocare</span> <span class='ocrx_word' id='word_1_46' title='bbox 796 1407 926 1482; x_wconf 84' lang='lat' dir='ltr'>logioum</span> <span class='ocrx_word' id='word_1_47' title='bbox 951 1409 1111 1467; x_wconf 85' lang='lat' dir='ltr'>verborum</span> <span class='ocrx_word' id='word_1_48' title='bbox 1141 1411 1275 1470; x_wconf 90' lang='lat' dir='ltr'>ordinem</span> <span class='ocrx_word' id='word_1_49' title='bbox 1302 1412 1333 1472; x_wconf 87' lang='lat' dir='ltr'>in</span> 
     </span>
     <span class='ocr_line' id='line_1_9' title="bbox 166 1500 471 1576; baseline -0.013 -16"><span class='ocrx_word' id='word_1_50' title='bbox 166 1501 275 1576; x_wconf 81' lang='lat' dir='ltr'>vulgus</span> <span class='ocrx_word' id='word_1_51' title='bbox 294 1502 399 1558; x_wconf 91' lang='lat' dir='ltr'>notum</span> <span class='ocrx_word' id='word_1_52' title='bbox 417 1500 471 1556; x_wconf 86' lang='lat' dir='ltr'>eet.</span> 
     </span>
    </p>

    <p class='ocr_par' dir='ltr' id='par_1_7' title="bbox 255 1579 1120 1664">
     <span class='ocr_line' id='line_1_10' title="bbox 255 1579 1120 1664; baseline -0.002 -17"><span class='ocrx_word' id='word_1_53' title='bbox 255 1589 326 1647; x_wconf 82' lang='lat'><strong>790.</strong></span> <span class='ocrx_word' id='word_1_54' title='bbox 359 1580 439 1646; x_wconf 85' lang='grc' dir='ltr'>ὅταν</span> <span class='ocrx_word' id='word_1_55' title='bbox 457 1579 595 1664; x_wconf 82' lang='grc' dir='ltr'>περάεῃε</span> <span class='ocrx_word' id='word_1_56' title='bbox 614 1579 742 1659; x_wconf 82' lang='grc' dir='ltr'>ῥεῖθρον</span> <span class='ocrx_word' id='word_1_57' title='bbox 761 1579 931 1658; x_wconf 88' lang='grc' dir='ltr'>ἠπείρων</span> <span class='ocrx_word' id='word_1_58' title='bbox 950 1579 1039 1660; x_wconf 85' lang='grc' dir='ltr'>ὅρον,</span> <span class='ocrx_word' id='word_1_59' title='bbox 1058 1581 1120 1645; x_wconf 89' lang='grc' dir='ltr'>κτὲ.</span> 
     </span>
    </p>

    <p class='ocr_par' dir='ltr' id='par_1_8' title="bbox 253 1667 1173 1748">
     <span class='ocr_line' id='line_1_11' title="bbox 253 1667 1173 1748; baseline 0.003 -15"><span class='ocrx_word' id='word_1_60' title='bbox 253 1677 328 1734; x_wconf 90' lang='lat' dir='ltr'>Vide</span> <span class='ocrx_word' id='word_1_61' title='bbox 346 1695 384 1734; x_wconf 87' lang='lat' dir='ltr'>ne</span> <span class='ocrx_word' id='word_1_62' title='bbox 403 1674 501 1736; x_wconf 89' lang='lat' dir='ltr'>verius</span> <span class='ocrx_word' id='word_1_63' title='bbox 522 1674 561 1733; x_wconf 87' lang='lat' dir='ltr'>eit</span> <span class='ocrx_word' id='word_1_64' title='bbox 579 1667 766 1746; x_wconf 79' lang='grc' dir='ltr'>ἠπείροιν,</span> <span class='ocrx_word' id='word_1_65' title='bbox 785 1673 804 1732; x_wconf 92' lang='lat' dir='ltr'>i.</span> <span class='ocrx_word' id='word_1_66' title='bbox 823 1693 848 1732; x_wconf 89' lang='lat' dir='ltr'>e.</span> <span class='ocrx_word' id='word_1_67' title='bbox 867 1673 1005 1748; x_wconf 79' lang='lat' dir='ltr'>Europae</span> <span class='ocrx_word' id='word_1_68' title='bbox 1024 1676 1055 1734; x_wconf 86' lang='lat' dir='ltr'>et</span> <span class='ocrx_word' id='word_1_69' title='bbox 1073 1675 1173 1737; x_wconf 82' lang='lat' dir='ltr'>Asiae.</span> 
     </span>
    </p>

    <p class='ocr_par' dir='ltr' id='par_1_9' title="bbox 254 1756 1080 1837">
     <span class='ocr_line' id='line_1_12' title="bbox 254 1756 1080 1837; baseline -0.002 -13"><span class='ocrx_word' id='word_1_70' title='bbox 254 1767 328 1824; x_wconf 84' lang='lat'><strong>958.</strong></span> <span class='ocrx_word' id='word_1_71' title='bbox 359 1759 467 1837; x_wconf 89' lang='grc' dir='ltr'>τρίτον</span> <span class='ocrx_word' id='word_1_72' title='bbox 486 1759 522 1820; x_wconf 80' lang='grc' dir='ltr'>δὲ</span> <span class='ocrx_word' id='word_1_73' title='bbox 540 1758 598 1821; x_wconf 89' lang='grc' dir='ltr'>τὸν</span> <span class='ocrx_word' id='word_1_74' title='bbox 617 1761 676 1821; x_wconf 88' lang='grc' dir='ltr'>νῖιν</span> <span class='ocrx_word' id='word_1_75' title='bbox 694 1756 898 1835; x_wconf 76' lang='grc' dir='ltr'>κοιρανοῦντ’</span> <span class='ocrx_word' id='word_1_76' title='bbox 916 1758 1080 1837; x_wconf 86' lang='grc' dir='ltr'>ἐπόψομαι</span> 
     </span>
    </p>

    <p class='ocr_par' dir='ltr' id='par_1_10' title="bbox 359 1845 752 1926">
     <span class='ocr_line' id='line_1_13' title="bbox 359 1845 752 1926; baseline -0.005 -16"><span class='ocrx_word' id='word_1_77' title='bbox 359 1846 498 1926; x_wconf 82' lang='grc' dir='ltr'>αἴεχιετα</span> <span class='ocrx_word' id='word_1_78' title='bbox 516 1847 567 1910; x_wconf 89' lang='grc' dir='ltr'>καὶ</span> <span class='ocrx_word' id='word_1_79' title='bbox 589 1845 752 1923; x_wconf 84' lang='grc' dir='ltr'>τάχιετα.</span> 
     </span>
    </p>

    <p class='ocr_par' dir='ltr' id='par_1_11' title="bbox 164 1939 1332 2105">
     <span class='ocr_line' id='line_1_14' title="bbox 253 1939 1332 2016; baseline 0.005 -18"><span class='ocrx_word' id='word_1_80' title='bbox 253 1939 393 2016; x_wconf 79' lang='lat' dir='ltr'>Pugnare</span> <span class='ocrx_word' id='word_1_81' title='bbox 410 1941 484 1999; x_wconf 78' lang='lat' dir='ltr'>haec</span> <span class='ocrx_word' id='word_1_82' title='bbox 502 1939 642 2000; x_wconf 86' lang='lat' dir='ltr'>videntur</span> <span class='ocrx_word' id='word_1_83' title='bbox 660 1958 727 1998; x_wconf 89' lang='lat' dir='ltr'>oum</span> <span class='ocrx_word' id='word_1_84' title='bbox 740 1939 912 1998; x_wconf 81' lang='lat' dir='ltr'>Promethei</span> <span class='ocrx_word' id='word_1_85' title='bbox 925 1940 1024 2000; x_wconf 86' lang='lat' dir='ltr'>verbis</span> <span class='ocrx_word' id='word_1_86' title='bbox 1041 1943 1225 2002; x_wconf 84' lang='grc'><strong>757-774.</strong></span> <span class='ocrx_word' id='word_1_87' title='bbox 1256 1943 1332 2004; x_wconf 85' lang='lat' dir='ltr'>Vide</span> 
     </span>
     <span class='ocr_line' id='line_1_15' title="bbox 164 2028 876 2105; baseline -0.003 -16"><span class='ocrx_word' id='word_1_88' title='bbox 164 2029 310 2105; x_wconf 79' lang='lat' dir='ltr'>imprimis</span> <span class='ocrx_word' id='word_1_89' title='bbox 329 2048 406 2089; x_wconf 80' lang='lat' dir='ltr'>vere.</span> <span class='ocrx_word' id='word_1_90' title='bbox 427 2031 499 2089; x_wconf 89' lang='grc'><strong>774.</strong></span> <span class='ocrx_word' id='word_1_91' title='bbox 536 2029 585 2087; x_wconf 88' lang='lat' dir='ltr'>An</span> <span class='ocrx_word' id='word_1_92' title='bbox 602 2028 697 2105; x_wconf 83' lang='lat' dir='ltr'>igitur</span> <span class='ocrx_word' id='word_1_93' title='bbox 715 2029 787 2086; x_wconf 88' lang='lat' dir='ltr'>olim</span> <span class='ocrx_word' id='word_1_94' title='bbox 805 2029 876 2088; x_wconf 88' lang='lat' dir='ltr'>fuit:</span> 
     </span>
    </p>

    <p class='ocr_par' dir='ltr' id='par_1_12' title="bbox 359 2111 764 2190">
     <span class='ocr_line' id='line_1_16' title="bbox 359 2111 764 2190; baseline -0.005 -13"><span class='ocrx_word' id='word_1_95' title='bbox 359 2111 499 2190; x_wconf 77' lang='grc' dir='ltr'>οἴεχιετα</span> <span class='ocrx_word' id='word_1_96' title='bbox 518 2113 568 2176; x_wconf 83' lang='grc' dir='ltr'>καὶ</span> <span class='ocrx_word' id='word_1_97' title='bbox 588 2112 764 2176; x_wconf 80' lang='grc' dir='ltr'>κάκιεταῖ</span> 
     </span>
    </p>

    <p class='ocr_par' dir='ltr' id='par_1_13' title="bbox 253 2200 990 2286">
     <span class='ocr_line' id='line_1_17' title="bbox 253 2200 990 2286; baseline 0 -20"><span class='ocrx_word' id='word_1_98' title='bbox 253 2207 326 2267; x_wconf 77' lang='grc' dir='ltr'><strong>974ζ</strong></span> <span class='ocrx_word' id='word_1_99' title='bbox 359 2203 378 2282; x_wconf 84' lang='grc' dir='ltr'>ἦ</span> <span class='ocrx_word' id='word_1_100' title='bbox 398 2200 475 2279; x_wconf 82' lang='grc' dir='ltr'>κάμὲ</span> <span class='ocrx_word' id='word_1_101' title='bbox 494 2200 555 2280; x_wconf 87' lang='grc' dir='ltr'>γάρ</span> <span class='ocrx_word' id='word_1_102' title='bbox 574 2222 603 2264; x_wconf 92' lang='grc' dir='ltr'>τι</span> <span class='ocrx_word' id='word_1_103' title='bbox 622 2206 834 2280; x_wconf 81' lang='grc' dir='ltr'>ευμφοραῖε</span> <span class='ocrx_word' id='word_1_104' title='bbox 852 2202 990 2286; x_wconf 81' lang='grc' dir='ltr'>ἐπαιτιᾷ;</span> 
     </span>
    </p>

    <p class='ocr_par' dir='ltr' id='par_1_14' title="bbox 163 2288 1351 2459">
     <span class='ocr_line' id='line_1_18' title="bbox 163 2288 1351 2375; baseline 0.004 -21"><span class='ocrx_word' id='word_1_105' title='bbox 163 2296 293 2371; x_wconf 89' lang='lat' dir='ltr'>Requiro</span> <span class='ocrx_word' id='word_1_106' title='bbox 319 2295 492 2372; x_wconf 77' lang='lat' dir='ltr'>genetivum</span> <span class='ocrx_word' id='word_1_107' title='bbox 517 2292 719 2369; x_wconf 82' lang='grc' dir='ltr'>ευμφορᾶε.</span> <span class='ocrx_word' id='word_1_108' title='bbox 763 2295 896 2354; x_wconf 82' lang='lat' dir='ltr'>Litteras</span> <span class='ocrx_word' id='word_1_109' title='bbox 922 2292 944 2351; x_wconf 79' lang='grc' dir='ltr'>ἃ</span> <span class='ocrx_word' id='word_1_110' title='bbox 962 2300 992 2355; x_wconf 91' lang='lat' dir='ltr'>et</span> <span class='ocrx_word' id='word_1_111' title='bbox 1018 2293 1055 2357; x_wconf 72' lang='grc' dir='ltr'>οῖι</span> <span class='ocrx_word' id='word_1_112' title='bbox 1069 2300 1100 2356; x_wconf 92' lang='lat' dir='ltr'>et</span> <span class='ocrx_word' id='word_1_113' title='bbox 1121 2295 1166 2358; x_wconf 66' lang='lat' dir='ltr'>du</span> <span class='ocrx_word' id='word_1_114' title='bbox 1187 2288 1351 2375; x_wconf 86' lang='lat' dir='ltr'>perpetuo¹</span> 
     </span>
     <span class='ocr_line' id='line_1_19' title="bbox 164 2382 848 2459; baseline -0.001 -17"><span class='ocrx_word' id='word_1_115' title='bbox 164 2385 304 2444; x_wconf 84' lang='lat' dir='ltr'>confundi</span> <span class='ocrx_word' id='word_1_116' title='bbox 323 2386 418 2443; x_wconf 83' lang='lat' dir='ltr'>solere</span> <span class='ocrx_word' id='word_1_117' title='bbox 438 2403 456 2442; x_wconf 79' lang='lat' dir='ltr'>a</span> <span class='ocrx_word' id='word_1_118' title='bbox 473 2384 605 2442; x_wconf 77' lang='lat' dir='ltr'>librariis</span> <span class='ocrx_word' id='word_1_119' title='bbox 624 2383 691 2459; x_wconf 90' lang='lat' dir='ltr'>quis</span> <span class='ocrx_word' id='word_1_120' title='bbox 709 2382 848 2458; x_wconf 75' lang='lat' dir='ltr'>ignoret?</span> 
     </span>
    </p>

    <p class='ocr_par' dir='ltr' id='par_1_15' title="bbox 164 2466 1334 2798">
     <span class='ocr_line' id='line_1_20' title="bbox 256 2466 1334 2552; baseline 0.005 -21"><span class='ocrx_word' id='word_1_121' title='bbox 256 2475 339 2533; x_wconf 87' lang='grc'><strong>1087</strong></span> <span class='ocrx_word' id='word_1_122' title='bbox 363 2472 555 2548; x_wconf 79' lang='lat' dir='ltr'>perticipium</span> <span class='ocrx_word' id='word_1_123' title='bbox 573 2466 826 2545; x_wconf 86' lang='grc' dir='ltr'>ἀποδεικνυμένα</span> <span class='ocrx_word' id='word_1_124' title='bbox 840 2473 900 2533; x_wconf 80' lang='lat' dir='ltr'>iem</span> <span class='ocrx_word' id='word_1_125' title='bbox 918 2474 976 2548; x_wconf 84' lang='lat' dir='ltr'>ipsi</span> <span class='ocrx_word' id='word_1_126' title='bbox 995 2473 1149 2535; x_wconf 88' lang='lat' dir='ltr'>Dindorfio</span> <span class='ocrx_word' id='word_1_127' title='bbox 1164 2481 1334 2552; x_wconf 81' lang='lat' dir='ltr'>suspectum</span> 
     </span>
     <span class='ocr_line' id='line_1_21' title="bbox 165 2561 1334 2640; baseline 0.004 -20"><span class='ocrx_word' id='word_1_128' title='bbox 165 2562 259 2621; x_wconf 80' lang='lat' dir='ltr'>fuisse</span> <span class='ocrx_word' id='word_1_129' title='bbox 277 2581 355 2622; x_wconf 84' lang='lat' dir='ltr'>nuno</span> <span class='ocrx_word' id='word_1_130' title='bbox 373 2562 454 2621; x_wconf 86' lang='lat' dir='ltr'>diseo</span> <span class='ocrx_word' id='word_1_131' title='bbox 473 2580 509 2620; x_wconf 85' lang='lat' dir='ltr'>ex</span> <span class='ocrx_word' id='word_1_132' title='bbox 528 2561 591 2620; x_wconf 83' lang='lat' dir='ltr'>eius</span> <span class='ocrx_word' id='word_1_133' title='bbox 610 2561 740 2620; x_wconf 87' lang='lat' dir='ltr'>editione</span> <span class='ocrx_word' id='word_1_134' title='bbox 760 2561 968 2621; x_wconf 82' lang='lat' dir='ltr'>Teubneriana</span> <span class='ocrx_word' id='word_1_135' title='bbox 986 2564 1099 2639; x_wconf 86' lang='lat' dir='ltr'>quinte.</span> <span class='ocrx_word' id='word_1_136' title='bbox 1131 2564 1334 2640; x_wconf 79' lang='lat' dir='ltr'>Suspicionem</span> 
     </span>
     <span class='ocr_line' id='line_1_22' title="bbox 164 2651 1332 2730; baseline 0.006 -23"><span class='ocrx_word' id='word_1_137' title='bbox 164 2651 338 2724; x_wconf 78' lang='lat' dir='ltr'>repudiasse</span> <span class='ocrx_word' id='word_1_138' title='bbox 352 2651 480 2723; x_wconf 86' lang='lat' dir='ltr'>videtur,</span> <span class='ocrx_word' id='word_1_139' title='bbox 494 2670 554 2726; x_wconf 90' lang='lat' dir='ltr'>quo</span> <span class='ocrx_word' id='word_1_140' title='bbox 567 2653 701 2724; x_wconf 90' lang='lat' dir='ltr'>tempore</span> <span class='ocrx_word' id='word_1_141' title='bbox 715 2651 840 2709; x_wconf 84' lang='lat' dir='ltr'>ourebet</span> <span class='ocrx_word' id='word_1_142' title='bbox 854 2652 989 2726; x_wconf 81' lang='lat' dir='ltr'>quintam</span> <span class='ocrx_word' id='word_1_143' title='bbox 1003 2652 1164 2712; x_wconf 85' lang='lat' dir='ltr'>editionem</span> <span class='ocrx_word' id='word_1_144' title='bbox 1177 2659 1332 2730; x_wconf 80' lang='lat' dir='ltr'>poetarum</span> 
     </span>
     <span class='ocr_line' id='line_1_23' title="bbox 165 2737 761 2798; baseline 0.003 -3"><span class='ocrx_word' id='word_1_145' title='bbox 165 2737 355 2798; x_wconf 83' lang='lat' dir='ltr'>Soenioorum</span> <span class='ocrx_word' id='word_1_146' title='bbox 374 2737 563 2797; x_wconf 82' lang='lat' dir='ltr'>Graecorum.</span> <span class='ocrx_word' id='word_1_147' title='bbox 599 2738 761 2797; x_wconf 86' lang='lat' dir='ltr'>Immerito.</span> 
     </span>
    </p>
   </div>
   <div class='ocr_carea' id='block_1_4' title="bbox 0 0 1551 4958">
    <p class='ocr_par' dir='ltr' id='par_1_16' title="bbox 0 0 1551 4958">
     <span class='ocr_line' id='line_1_24' title="bbox 0 0 1551 4958; baseline 0 0"><span class='ocrx_word' id='word_1_148' title='bbox 0 0 1551 4958; x_wconf 95' lang='lat' dir='ltr'> </span> 
     </span>
    </p>
   </div>
  </div>
 </body>
</html>
