3084 4958
198 190 264 255 130
536 189 544 193 ’
630 193 664 246 Η.
684 191 741 247 vau
757 193 940 248 Herwerden:

195 358 259 420 τῶς
285 355 338 436 ἂν,
364 363 436 421 lieet
460 380 557 438 neque
584 361 732 420 sententia
758 361 796 420 sit
822 361 895 420 satis
921 361 1091 438 perspicua,
1118 382 1214 439 neque
1239 358 1303 422 τὼς
1330 363 1371 422 sic

197 451 335 526 usurpari
362 450 488 510 relative
516 449 658 527 exemplis
687 449 885 509 demonstrari
907 452 1013 526 possit.
1055 450 1141 510 Solus
1166 445 1372 526 Oberdickius,

196 539 274 615 quod
300 539 405 615 seiam,
429 539 486 598 looi
504 530 717 615 ¹corruptelam.
731 539 862 616 agnovit.
906 540 972 616 Ego
995 540 1055 598 iam
1080 541 1164 614 alibi,
1193 540 1252 600 nisi
1274 541 1372 615 fallor,

195 621 262 707 (ubi
281 648 365 702 vero,
384 629 445 688 iam
462 648 522 688 non
540 619 676 708 memini)
695 628 855 705 legendum
874 647 939 688 esse
950 631 1053 688 suasi:

352 743 356 751 Δ
388 756 390 762 ¹
412 711 494 790 ἄγαν
514 716 619 777 καλιῖις
637 712 925 790 κλύουςα,.τοῖςιν
944 713 989 776 οὐ
1008 713 1086 792 φίλη

195 806 214 866 i.
236 824 260 865 e.
282 803 388 864 nimis
413 807 502 866 bene
528 806 679 865 audiens
705 807 750 866 iis
774 799 806 885 (i.
826 825 850 865 e.
870 825 972 865 eorum
997 801 1119 885 iudicio)
1146 808 1276 883 quibus
1302 829 1373 869 non

196 897 253 954 est
271 894 386 954 amica
405 887 529 975 (nobis),
549 895 610 955 soil.
621 895 679 972 ipsi
693 895 796 955 Danao
812 895 935 971 eiusque
952 895 1081 956 filiabus.
1114 895 1191 965 Quid
1211 897 1372 956 scholiasta

197 983 307 1060 legerit
321 1003 357 1042 ex
371 985 434 1044 eius
453 984 565 1044 verbis:
584 979 688 1044 οὕτως
707 981 742 1042 δὲ
761 980 844 1058 ἡμῖν,
863 980 1001 1044 κλύουςα
1020 985 1078 1044 τοῦ
1097 979 1214 1060 οἴακος,
1234 981 1273 1045 οὐ
1293 982 1371 1062 φίλη

196 1070 272 1146 ἑςτι,
297 1091 356 1131 non
374 1076 510 1154 apparet,
536 1073 682 1149 siquidem
701 1073 804 1132 eodem
822 1073 887 1132 iure
905 1074 1115 1151 interpuugas:
1140 1070 1243 1134 οὕτως
1263 1071 1298 1134 δὲ
1318 1069 1372 1154 (sc.
1419 1088 1424 1097 ·

196 1155 279 1233 ἄγαν
303 1159 422 1240 καλῶς)
445 1159 520 1236 ἡμῖν
543 1158 681 1222 κλύουςα
699 1162 757 1222 τοῦ
777 1156 886 1221 οἴακος
905 1158 945 1221 οὐ
964 1157 1042 1237 φίλη
1062 1157 1153 1222 ἐςτίν.
1187 1163 1245 1222 Sed
1263 1183 1372 1240 parum

195 1250 302 1309 refert:
330 1251 442 1310 scholia
466 1253 544 1311 enim
567 1253 605 1312 ad
628 1253 704 1311 hano
727 1247 860 1310 fabulam
881 1251 970 1310 valde
989 1252 1120 1311 recentia
1139 1271 1204 1312 esse
1222 1243 1374 1315 videntur]

286 1341 358 1399 743.
382 1339 469 1400 Cher.
503 1340 688 1414 δοριπαγεῖς
707 1334 739 1399 δ’
758 1335 890 1414 ἔχοντες
909 1336 1113 1401 κυανώπιδας

500 1430 579 1504 νῆας
599 1424 756 1489 ἔπλευςαν
777 1423 837 1488 ὧδ’
856 1425 999 1504 ἐπιτυχεῖ
1018 1424 1116 1509 κότῳ

502 1517 597 1578 πολεῖ
616 1513 799 1598 μελαγχίμῳ
819 1515 874 1578 ςὺν
894 1519 1025 1598 ςτρατῷ.

287 1606 452 1666 Meinekius
471 1609 579 1668 merito
598 1609 728 1667 offensus
748 1626 818 1667 voce
837 1602 923 1686 κότῳ
942 1609 1068 1668 coniecit
1085 1602 1173 1687 ῥόθῳ
1190 1609 1240 1668 vel
1258 1605 1371 1690 κρότῳ.

197 1697 346 1756 Neutrum
374 1716 496 1773 prorsus
524 1695 598 1756 mihi
626 1696 749 1771 sufficit,
778 1696 848 1772 quia
871 1700 999 1773 utraque
1021 1718 1079 1758 vox
1102 1699 1309 1759 tantummodo
1333 1700 1371 1759 ad

196 1785 437 1861 remigatiouem,
456 1805 516 1845 non
536 1786 625 1845 simul
643 1785 680 1844 ad
700 1787 834 1846 velorum
853 1805 941 1844 usum
960 1787 1191 1863 universumque
1209 1785 1371 1865 navigandi

196 1873 330 1934 laborem
353 1875 493 1950 pertinet.
531 1875 675 1944 Quocirca
698 1875 835 1950 equidem
853 1877 1047 1950 praetulerim
1066 1877 1144 1952 quod
1164 1875 1255 1936 etiam
1274 1878 1370 1938 lenius

196 1965 339 2040 proposui
356 1964 387 2022 in
405 1965 527 2024 Exere.
542 1963 619 2024 crit.
634 1984 662 2039 p.
679 1967 755 2023 1r1:

410 2048 665 2128 martirisatur
685 2045 745 2111 ὧδ’
764 2049 907 2127 ἐπιτυχεῖ
925 2047 1037 2133 κόπῳ.

285 2143 358 2201 802.
383 2141 470 2202 Cher.
498 2143 544 2221 τῷ
558 2137 619 2216 γὰρ
635 2141 744 2202 θανεῖν
760 2138 988 2218 ἐλευθεροῦμαι
1002 2141 1241 2219 φιλαιακτιῖιν
1256 2145 1370 2205 κακῶν.

196 2232 281 2290 Hanc
305 2231 412 2290 codicis
432 2233 610 2308 scripturam
634 2233 828 2308 depravatam
852 2252 917 2292 esse
936 2252 1003 2292 curn
1021 2233 1110 2292 metri
1128 2234 1205 2294 ratio
1225 2226 1275 2314 (of.
1293 2229 1371 2317 794)

199 2322 360 2397 evinceret,
371 2321 550 2381 'Dindorfius
568 2321 648 2382 iusto
667 2321 808 2380 audacius
826 2323 962 2397 reposuit
980 2316 1181 2395 φιλοςτόνων
1204 2323 1374 2383 coniectura

195 2429 318 2486 prorsus
346 2411 537 2486 improbabili
565 2413 596 2470 et
622 2411 660 2470 ab
685 2413 750 2468 arte
774 2410 877 2470 critica
899 2411 1095 2486 alienissima,
1124 2413 1260 2488 quoniam
1284 2433 1371 2473 nemo

194 2499 335 2558 librarius
368 2500 548 2560 vocabulum
580 2499 618 2558 ab
651 2519 707 2558 usu
736 2500 885 2558 communi
912 2518 971 2558 non
999 2501 1085 2560 ualde
1112 2501 1253 2560 recedens
1281 2503 1371 2561 inter-

194 2590 368 2664 pretaturus
395 2589 503 2648 fuisset
527 2607 581 2664 per
605 2607 707 2649 vocem
732 2587 838 2647 eximie
861 2589 1017 2664 poeticam.
1054 2588 1132 2649 Hinc
1154 2589 1227 2648 mihi
1250 2591 1370 2667 quidem

195 2678 285 2754 longo
298 2678 482 2753 probabilior
496 2678 624 2754 suspicio
638 2678 768 2756 videtur,
783 2681 978 2738 correctorem
995 2677 1133 2754 aliquem,
1148 2698 1215 2737 cum
1230 2680 1261 2738 in
1272 2680 1371 2740 codice

196 2767 378 2842 repperisset
397 2787 518 2837 versum
537 2771 579 2826 sie
598 2767 755 2843 scriptum:
954 2819 958 2826 .

408 2857 453 2936 τῷ
472 2851 533 2930 γὰρ
553 2857 664 2917 θανεῖν
684 2853 911 2931 ἐλευθεροῦμαι
930 2852 1031 2917 ΦΙΛΑΙ
1043 2852 1152 2916 ...ΩΝ
1173 2856 1289 2935 κακῶν,

196 2947 233 3006 de
243 2946 376 3004 numeris
386 2965 492 3022 parum
504 2947 664 3006 sollicitum
675 2965 711 3004 ex
720 2946 838 3022 iugenio
850 2946 1037 3021 supplevisse
1052 2939 1288 3026 φιλαι(ακτ)ῶν,
1302 2967 1369 3006 cum

194 3034 349 3095 debuisset
374 3027 569 3096 ΦΙΛΑΙΛῙΩΝ
596 3035 616 3097 i.
630 3054 655 3094 e.
670 3029 914 3110 φιλαιλίνιιιν,
938 3034 957 3094 i.
972 3053 997 3094 e.
1011 3035 1153 3094 naeniis
1172 3035 1368 3110 plenorum.

195 3119 333 3185 Αίλίνοις
356 3125 465 3184 κακοῖς
487 3125 562 3185 dixit
585 3122 744 3199 Euripides
768 3123 874 3184 Helen
896 3125 966 3183 170.
1006 3123 1167 3182 Praeterea
1188 3125 1247 3184 vid.
1262 3124 1369 3201 Agam.

198 3217 274 3286 121,
303 3215 379 3290 139,
408 3215 484 3292 1593
511 3213 599 3290 Soph.
620 3213 668 3271 Αἰ.
689 3215 767 3290 627;
792 3214 864 3272 Eur.
882 3212 993 3272 Phoen.
1014 3213 1112 3286 1520,
1140 3211 1190 3274 Or.
1212 3215 1306 3288 1395,
1332 3214 1370 3274 H.

195 3303 227 3378 F.
250 3304 322 3362 348.
366 3302 461 3372 Quam
487 3303 574 3363 facile
600 3307 701 3362 autem
726 3304 795 3377 post
822 3298 856 3361 ΑΙ
882 3301 1060 3361 intercidere
1086 3302 1240 3378 potuerint
1264 3303 1370 3362 literae
1393 3366 1403 3378 ,

194 3392 366 3450 simillimae
385 3388 429 3467 ΛΙ,
458 3393 538 3452 cadit
565 3393 596 3450 in
622 3392 730 3451 oeulos.
773 3391 805 3449 si
830 3411 901 3452 vero
928 3391 994 3466 quis
1020 3411 1101 3451 mero
1127 3390 1243 3451 librarii
1270 3411 1369 3452 errore

195 3475 419 3542 ΦΙΛΑΙΛΙΝΩΝ
432 3501 468 3540 ex
477 3475 712 3542 ΦΙΛΑΙΑΚῘΩΝ
724 3480 833 3540 abiisse
844 3483 977 3539 statuere
987 3480 1136 3554 maluerit,
1149 3498 1209 3541 non
1219 3481 1368 3558 pugnabo.

284 3573 358 3630 811.
511 3564 623 3644 λύςιμά
642 3563 677 3643 μ’
695 3562 800 3643 ἄχειμ’
819 3564 922 3648 ἔπιδε,
942 3563 1056 3643 πάτερ,
1156 3573 1164 3590 ·

512 3655 596 3735 βίαια
615 3656 654 3733 μὴ
675 3657 803 3733 φιλεῖς
822 3653 908 3733 ὁριῖιν

510 3743 643 3823 ὄμμαςιν
662 3742 806 3808 ἐνδίκοις.

284 3837 424 3898 Conieota
438 3841 509 3898 sunt
522 3834 637 3913 φίλοις,
652 3837 811 3914 φαιδροῖς,
830 3832 965 3914 ςτέρξῃς.
998 3835 1144 3912 Equidem
1159 3836 1367 3912 praetulerim:

586 3923 670 4003 βίαια
688 3925 728 4002 μὴ
748 3920 870 4000 φίλως
890 3919 976 4000 ὁριῖιν

584 4010 717 4090 ὄμμαςιν
736 4010 885 4075 ἐνδίκοις

194 4103 234 4181 μὴ
249 4101 361 4181 φίλως,
379 4107 396 4166 i.
412 4127 436 4165 e.
452 4102 583 4180 ἐχθρῶς.
615 4105 766 4165 Advcrbio
784 4107 889 4164 noster
906 4121 978 4162 usus
999 4105 1045 4163 est
1057 4103 1163 4180 Agam.
1180 4104 1253 4176 246,
1270 4103 1366 4177 1581,

196 4197 290 4256 1594.
322 4195 423 4255 Verba
444 4189 577 4270 ὄμμαςιν
596 4189 735 4260 ἐνδίκοιςΙ
749 4193 966 4271 typographico
990 4213 1090 4253 errore
1109 4192 1317 4251 desiderantur
1335 4192 1367 4250 iu

195 4285 340 4344 Dindorfii
360 4286 430 4344 edit.
445 4286 506 4344 Vta
523 4285 679 4360 poetarum
699 4284 889 4344 scenicorum.

286 4375 358 4433 940.
406 4374 469 4432 Rex
489 4373 670 4449 Argivorum
688 4372 727 4430 ad
745 4371 1005 4448 Aegyptiadarum
1023 4387 1211 4446 praeconem:
