3084 4958
542 199 757 256 Emendationes
776 201 956 270 Aeschyleac.
1111 269 1112 272 Ἴ
1274 195 1336 262 127
1376 246 1379 253 .

172 373 304 446 calidius,
320 392 368 431 me
381 371 486 445 iudice,
501 357 670 430 Dindorfiris
685 357 761 429 hanc
775 355 932 450 lectionem
946 369 1059 445 reecpit
1068 388 1122 444 pro
1133 368 1259 428 Medicei
1272 368 1343 426 libri

170 465 201 522 et
220 463 460 538 apographorum
481 461 630 537 scriptura
655 459 812 518 verissima
836 453 1078 531 κεχρημένοι,
1102 457 1121 516 i.
1141 477 1165 517 e.
1190 457 1342 516 Xerxem

136 537 143 553 ’
168 551 201 610 si
218 551 334 611 vultis
354 568 483 626 sapere
503 542 714 628 (resipiscere).
751 547 838 631 Inani
855 547 924 606 lusu
944 546 1169 613 Weckleiniustl

213 637 215 640 ’
385 634 465 712 πρόε
483 631 576 698 ταῦτ’
594 634 719 697 ἐκεῖνον
739 635 940 699 νουθετεῖν
959 631 1146 709 κεχρημένοι

384 721 544 786 πινύεκετ’
563 721 721 799 εὐλόγοιει
740 720 1052 802 εωφρονίεμαειν.

263 819 336 876 899.
359 812 411 875 καὶ
434 811 490 876 τὰε
510 810 700 875 εὐκτεάνου(
723 811 802 875 κατὰ
826 813 944 888 κλῆρον
963 806 1096 874 Ἰαόνιον
1119 806 1343 887 πολυάνδρου(

357 899 519 965 Ἑλλάνων
538 899 689 978 ἐκράτυνε
710 902 911 980 εφετέραιε
930 898 1049 977 φρεείν.

262 993 382 1053 Solcece
408 1013 572 1069 pronomen
596 991 751 1068 εφέτερο(
773 994 812 1052 ed
830 1012 922 1052 unum
942 990 1090 1051 hominem
1109 992 1247 1066 relatum,
1270 991 1343 1066 ipsis

172 1083 304 1142 numeris
333 1083 500 1142 damnatur.
546 1083 678 1142 Verbum
704 1084 782 1141 enim
805 1084 834 1143 h.
854 1101 876 1142 s.
899 1081 1049 1157 poeticum
1076 1074 1228 1153 ἐκράτυνε
1254 1099 1342 1140 nemo

171 1173 260 1232 facile
284 1191 350 1231 cum
374 1172 546 1232 Hermanno
570 1193 586 1232 e
609 1172 741 1248 pedestri
765 1166 887 1246 ἐκράτει
912 1171 1106 1244 depravatum
1132 1188 1197 1228 esse
1221 1171 1344 1229 statuet.

169 1262 273 1338 Nuper
290 1261 322 1320 in
340 1261 438 1321 Ionis
457 1261 560 1337 Eurip.
580 1261 709 1321 editione
727 1280 794 1320 mea
812 1259 965 1338 proposui:

423 1345 599 1424 ,Ἑλλάνων
618 1345 770 1424 ἐκράτυνε
791 1348 932 1424 εοφαῑε
952 1342 1071 1422 φρεείν.

260 1438 428 1515 Opponitur
441 1442 542 1499 autem
555 1459 610 1515 per
625 1441 719 1498 totam
735 1439 866 1498 fabulam
877 1436 960 1497 Darii
975 1435 1133 1512 prudentia
1146 1455 1180 1498 ac
1196 1427 1342 1512 sapientia

171 1529 278 1588 Xerxis
297 1528 414 1588 levitati
434 1532 464 1589 et
483 1528 681 1607 arrogantiae.

262 1619 333 1677 922.
490 1617 532 1690 γά
550 1611 705 1679 δἀίάῑει
723 1612 782 1677 τὰν
801 1611 935 1689 ἐγγαίαν

488 1698 572 1782 Ιἥβαν
591 1703 697 1785 Ξέρξᾳ
715 1702 873 1780 κταμέναν
892 1701 1006 1766 Αίδου

491 1790 616 1870 εάκτορι
634 1793 776 1869 Περεᾶν·
804 1789 992 1872 ᾁδοβάται
1014 1789 1076 1867 γάρ

492 1881 609 1944 πολλοὶ
628 1884 748 1960 φῶτεε,
769 1879 875 1958 χώραε
894 1878 1005 1956 ἄνθοε,

490 1969 737 2048 τοξοδάμαντεε,
758 1967 843 2032 πάνυ
866 1967 991 2048 ταρφόε
1010 1987 1058 2030 τιε

492 2059 602 2137 μυριὰε
621 2057 762 2136 ἀνδρῶν,
781 2058 971 2136 ἐξέφθινται.

261 2151 311 2212 Ita
329 2152 502 2212 Dindcrfius
521 2172 537 2212 e
557 2152 692 2211 Passovii
712 2152 881 2211 coniectura
900 2150 994 2230 edidit
1010 2170 1065 2230 pro
1079 2154 1219 2226 corrupta
1235 2150 1343 2210 codicis

172 2243 320 2319 scriptura
339 2235 560 2317 ἀγδαβάται.
603 2240 645 2299 Αί
668 2259 774 2316 parum
799 2241 954 2316 eleganter
977 2239 1089 2299 dictum
1114 2242 1161 2298 est
1182 2259 1230 2298 me
1248 2239 1344 2298 iudice

171 2325 326 2409 ᾁδοβάται
347 2363 389 2371 -
409 2327 597 2405 ἐξέφθινται,
640 2329 675 2388 Ιιι
695 2327 726 2388 O.
741 2329 778 2390 A.
797 2329 971 2404 suspicabor
988 2329 1020 2393 in
1043 2326 1089 2389 ΑΓ
1091 2324 1261 2389 ΔΑΒΑΤΑΙ
1282 2331 1344 2386 tres

172 2421 284 2497 primas
304 2421 407 2480 literas
427 2418 630 2496 dittographia
648 2421 735 2478 natas
755 2437 819 2478 esse
839 2437 855 2477 e
874 2418 1074 2495 superscripto
1094 2413 1211 2493 ΑΙΔου,
1233 2416 1342 2493 quibus

173 2509 295 2569 resectis
315 2509 522 2585 corrigendum
543 2527 620 2568 esse:
1020 2506 1022 2509 ’

812 2593 948 2672 ἡβαταὶ
967 2592 1028 2671 γάρ
1047 2591 1108 2656 κτὲ.

265 2689 338 2747 986.
361 2683 499 2761 Πέρεαιε
517 2680 651 2760 άγαυοῑε
670 2682 750 2747 κακὰ
768 2681 940 2761 πρόκακα
958 2683 1070 2758 λέγειε.

262 2776 463 2835 Vehementer
482 2778 554 2836 haec
568 2795 625 2838 vor
639 2776 728 2835 torsit
740 2776 928 2850 interpretes.
961 2774 1093 2834 Stcnleio
1107 2768 1187 2832 κακὰ
1201 2767 1345 2847 πρόκακα

176 2870 247 2926 sunt
274 2866 368 2925 mala
398 2866 572 2926 malorum
600 2884 790 2942 praesaga,
818 2864 973 2924 Schuetzio
1001 2865 1095 2923 mala
1121 2861 1346 2938 praesentia,

175 2955 281 3015 Todtio
305 2956 399 3014 mala
422 2973 485 3032 pro
510 2956 612 3015 malis
637 2958 717 3014 orta
740 2957 775 3014 et
800 2956 975 3029 suscepte.
1016 2953 1109 3012 Nulla
1132 2953 1237 3010 harum
1256 2951 1346 3010 inter-

174 3044 377 3120 pretationum
403 3063 457 3103 neo
482 3046 551 3104 huic
576 3044 639 3104 loco
664 3063 761 3120 neque
778 3043 863 3103 'infra
887 3061 931 3104 vs.
952 3045 1016 3103 990
1040 3060 1163 3117 prorsus
1189 3040 1346 3100 convenire

173 3134 300 3194 videtur.
328 3133 505 3192 Rectissime
518 3133 691 3193 Dindcrfius
705 3134 736 3191 in
749 3131 843 3192 lexico
858 3131 996 3208 exposuit
1008 3132 1114 3192 valde
1128 3131 1229 3189 mala.
1256 3129 1345 3188 Prae-

174 3222 281 3298 positio
307 3239 370 3296 προ
395 3223 425 3280 in
452 3224 508 3282 hac
534 3222 747 3297 ,compositione
771 3223 832 3283 vim
855 3220 947 3280 habet
968 3221 1147 3280 intensivam
1170 3238 1230 3278 non
1256 3218 1345 3277 aliter

174 3331 263 3388 quam
281 3311 312 3370 in
331 3307 458 3386 πρόπαε
478 3315 509 3372 et
527 3308 686 3386 προώλης.

267 3402 362 3460 1053.
498 3399 658 3475 μέλαινα
677 3393 706 3458 δ’
728 3393 930 3474 άμμεμίξεται

496 3485 540 3566 oi,
561 3485 730 3549 ετονόεεεα
749 3483 865 3560 πλαγά.

265 3579 313 3637 Ita
330 3578 502 3639 Dindcrfius
521 3583 601 3639 recte
619 3598 673 3655 pro
693 3573 733 3638 ἂν
752 3573 923 3652 μεμίξεται,
943 3577 994 3635 sed
1013 3579 1170 3652 praeterea
1187 3573 1347 3632 manifesto

175 3670 349 3744 corruptum
368 3671 415 3727 est
433 3666 575 3743 μέλαινα.
622 3668 689 3726 Una
707 3668 828 3726 literula
847 3669 962 3726 mutate
981 3665 1074 3725 exibit
1095 3683 1168 3724 vera
1186 3663 1346 3738 scriptura:

487 3752 573 3833 μάλ’
596 3753 683 3817 αἰνὰ
702 3750 735 3815 δ’
754 3751 953 3830 ἀμμεμίξεται
972 3751 1034 3816 κτὲ.

266 3842 343 3906 Αἰνὰ
368 3847 581 3908 adverbialiter
604 3867 658 3922 pro
685 3841 794 3923 αἰνῶε,
820 3849 855 3904 ut
879 3847 959 3904 recte
983 3863 1075 3921 supra
1100 3863 1143 3904 vs.
1165 3843 1228 3902 576
1256 3836 1347 3900 ἁλὸ(

178 3930 265 3996 αἰνὰ
282 3955 336 4012 pro
356 3931 416 3995 ἁλὶ
435 3932 543 3996 δεινὰ
561 3935 686 3996 coniecit
704 3934 882 3993 Dindorfius.

630 4081 684 4136 Ad
702 4079 888 4151 supplices.

265 4204 333 4262 Vss.
353 4203 394 4261 34
407 4220 468 4277 sqq.
488 4201 530 4260 sic
548 4201 802 4276 interpungendos
820 4200 921 4261 monui
939 4199 970 4257 in
989 4199 1021 4260 O.
1035 4200 1084 4258 A.:

497 4284 575 4349 ἔνθα
594 4284 629 4347 δὲ
649 4284 778 4348 λαίλαπι

498 4373 741 4458 χειμωνοτύπῳ,
763 4378 879 4459 βροντῇ
899 4379 1035 4457 ετεροπῇ
1055 4371 1086 4438 τ’
