3084 4958
250 215 313 280 146
682 217 716 273 H.
736 235 790 273 van
809 217 989 274 llerwerden:

337 401 452 472 Quibus
475 403 574 464 verbis
592 404 713 464 Electra
736 403 859 464 affectus
881 405 929 464 sui
947 406 1166 466 vehementiam
1185 405 1346 482 significat,
1372 408 1425 482 qui

249 512 285 552 ex
310 492 405 553 oculis
431 492 494 552 suis
519 493 659 552 continuo
684 493 757 553 fletu
784 493 868 553 siccis
894 495 1032 554 lacrimas
1058 496 1183 570 excieat,
1210 494 1271 555 sive
1296 490 1426 570 διψίων,

249 581 479 657 sitientibus,
497 582 515 642 i.
533 600 557 642 ο.
572 582 741 658 plorandi
760 583 890 656 avidis,
908 583 1101 660 interpretari
1119 584 1228 661 mavis3
1248 584 1327 661 quod
1345 586 1429 645 redit

251 672 365 732 eodem.
397 670 501 732 Simile
519 671 585 731 vitii
603 689 698 747 genus
717 669 892 748 tetigimus
909 668 953 734 v's.
969 675 1042 735 251.

339 779 411 836 189.
461 771 537 836 ἀλλ’
555 772 632 837 οὐδὲ
651 774 712 853 μήν
731 793 781 838 νιν
800 775 819 852 ἡ
838 774 989 839 κτανοῦς’
1006 774 1150 854 ἐκείρατο

462 863 519 942 ἐμή
539 883 576 938 γε
596 863 696 942 μήτηρ
716 861 864 941 οὐδαμῶς
883 862 916 927 δ’
934 863 1120 942 ἐπώνυμον,

461 950 612 1030 φρόνημα
630 951 716 1015 παιςὶ
734 951 896 1018 δύςθεον
915 954 1091 1034 πεπαμένη.

336 1045 484 1122 Displicet
501 1045 580 1104 mihi
599 1045 775 1120 languidum
795 1065 975 1123 epexegema
993 1043 1140 1122 δύςθεον,
1160 1050 1191 1107 ct
1210 1049 1325 1107 malim:

817 1130 966 1210 οὐδαμῶς
985 1125 1019 1196 δ’
1038 1132 1211 1212 ἐπώνυμον

462 1218 613 1299 φρόνημα
632 1219 717 1283 παιςὶ
736 1219 895 1285 δύςθεος
915 1222 1090 1300 πεπαμένη.

339 1331 533 1390 225—229.
565 1331 610 1390 De
628 1331 683 1390 hoc
701 1332 766 1392 loco
785 1331 936 1407 disputavi
954 1333 985 1390 in
1005 1331 1129 1394 Oomm.
1145 1332 1258 1393 Amst.
1291 1333 1342 1394 Vs.
1362 1337 1425 1395 228

247 1441 325 1481 nunc
336 1421 473 1496 spurium
483 1439 548 1480 esse
559 1420 734 1480 crediderim
743 1420 843 1496 potius
854 1423 1167 1500 quameorrigendum,
1180 1426 1215 1482 ut
1226 1423 1267 1482 ibi
1275 1424 1426 1498 proposui.

339 1521 411 1579 247.
457 1513 528 1578 ἰδοῦ
549 1515 584 1577 δέ
604 1513 723 1590 γένναν
744 1549 785 1559 -
806 1515 1001 1594 ςκηνήμαςιν.
1035 1517 1227 1596 Comparatio
1247 1521 1310 1600 tam
1328 1520 1426 1580 facilis

248 1607 286 1668 ad
313 1608 562 1685 intellegendum,
591 1610 625 1666 ut
652 1627 712 1666 non
738 1607 850 1684 possim
878 1627 938 1667 uon
965 1608 1176 1685 interpolatori
1205 1608 1336 1668 tribuere
1362 1612 1426 1668 tres
1526 1641 1527 1652 ν

248 1699 406 1774 sequentes
426 1698 527 1757 hosce:

461 1782 547 1846 οὕτω
566 1782 601 1845 δὲ
621 1779 698 1860 κάμέ
718 1783 813 1862 τήνδε
833 1779 874 1860 τ’,
895 1779 1067 1860 Ἠλέκτραν
1087 1782 1186 1862 λέγω,

463 1871 543 1935 ἰδεῖν
562 1869 691 1949 πάρεςτί
711 1891 770 1950 ςοι,
791 1876 988 1950 πατροςτερῆ
1008 1870 1121 1949 γόνον,

445 1957 572 2040 ,ἄμφω
592 1962 718 2039 φυγὴν
737 1959 879 2038 ἔχοντα
896 1962 964 2039 τὴν
984 1959 1103 2040 αὐτὴν
1123 1959 1240 2039 δόμων.

337 2064 418 2135 Quos
443 2081 546 2123 versus
572 2083 610 2121 nc
635 2062 744 2121 addere
769 2063 888 2138 quidem
914 2063 1014 2139 potuit
1036 2066 1126 2139 poeta
1149 2066 1274 2139 propt-er
1296 2064 1427 2124 formam
1526 2049 1527 2104 ἶ

250 2153 402 2230 orationis,
420 2171 479 2229 qua
497 2171 569 2212 usus
593 2153 641 2211 est
663 2151 694 2209 in
716 2153 915 2228 praegressis:
944 2147 1013 2212 ἰδοῦ
1033 2149 1068 2211 δὲ
1087 2149 1214 2224 γένναν.
1255 2152 1427 2230 Aeschylus

250 2245 387 2306 Orestem
412 2246 443 2302 et
461 2243 613 2301 Electram
636 2240 753 2318 aquilae
778 2244 914 2301 mortuae
938 2242 1039 2325 pullos
1061 2242 1217 2318 appellans
1236 2243 1368 2318 respexit
1386 2245 1427 2302 ab

250 2335 346 2394 altera
360 2335 446 2408 parte
461 2331 522 2392 vivi
536 2330 768 2407 Agamemnonis
782 2331 912 2408 gloriam
930 2334 961 2391 et
973 2330 1182 2390 fortitudinem
1201 2333 1232 2390 et
1249 2333 1428 2407 potentiam,

250 2424 288 2483 ab
311 2423 407 2481 altera
431 2420 572 2479 miseram
591 2422 703 2479 sortem
723 2421 754 2478 et
771 2420 902 2496 inopiam
921 2424 952 2481 et
969 2420 1206 2479 imbecillitatem
1224 2421 1336 2480 mortui
1353 2422 1429 2482 libe-
1526 2405 1527 2426 ¹

248 2531 364 2588 rorum,
386 2529 513 2586 quorum
536 2510 613 2568 alter
637 2508 752 2568 viveret
773 2508 806 2568 in
829 2510 928 2584 exilio,
956 2509 1052 2567 altera
1074 2529 1169 2585 paene
1188 2528 1291 2569 servae
1310 2511 1376 2570 loco
1394 2512 1428 2569 in
1526 2591 1527 2594 Ἴ

251 2602 339 2660 domo
353 2603 487 2675 paterna.
521 2597 630 2672 Misere
644 2616 715 2656 vero
729 2597 838 2673 ineptit
851 2599 1048 2676 interpolator
1062 2597 1186 2657 dicendo
1201 2601 1303 2659 ambos
1322 2601 1427 2659 codem
1526 2597 1527 2668 J

250 2690 345 2766 premi
369 2687 471 2761 exilio,
494 2687 573 2763 quod
599 2686 637 2745 de
655 2686 816 2761 Euripiden
835 2688 955 2748 Electra
978 2687 1106 2747 fortasse
1130 2687 1348 2764 quodammodo
1368 2689 1429 2748 dici

250 2781 365 2856 posset,
392 2778 429 2836 de
447 2775 615 2852 Aeschyleo
640 2775 768 2834 absurde
788 2777 900 2836 dictum
923 2780 977 2837 est.
1016 2776 1130 2847 Quibus
1153 2777 1289 2836 versibus
1314 2778 1427 2853 eiectis,

252 2868 376 2944 pulchre
401 2884 594 2941 praegressos
621 2865 771 2940 excipiunt
796 2866 900 2926 verba:
928 2861 977 2925 καὶ
1003 2864 1060 2925 τοῦ
1086 2865 1221 2940 θυτῆρος
1249 2897 1287 2907 -
1315 2863 1426 2941 γέρας;

250 2957 304 3015 ubi
325 2957 415 3032 poeta
437 2954 598 3030 figuratam
623 2953 788 3013 orationem
811 2955 965 3031 paulisper
988 2955 1176 3032 intermittit,
1199 2954 1243 3013 ita
1265 2957 1368 3014 tamen
1391 2960 1428 3016 ut
1526 2957 1527 2984 ³

254 3064 312 3104 uno
327 3043 472 3104 vocabulo
488 3039 636 3102 νεοςςούς
651 3043 822 3118 usurpando
837 3047 949 3118 caveat,
970 3063 1006 3102 ne
1020 3043 1108 3103 nimis
1124 3044 1251 3118 abrupto
1270 3044 1299 3102 id
1318 3045 1428 3105 fecisse

251 3134 402 3209 rideatur,
431 3131 479 3191 cui
501 3131 545 3191 rei
569 3151 603 3190 eo
627 3131 724 3208 magis
750 3136 815 3199 erat
838 3134 1013 3206 cavendum,
1038 3133 1109 3210 quia
1131 3133 1162 3191 in
1185 3133 1327 3208 proximis
1346 3134 1428 3193 redit

251 3224 289 3283 ad
305 3223 429 3282 eandem
443 3220 618 3297 imaginem:
639 3214 710 3280 οὐτ’
725 3215 821 3282 ἀετοῦ
836 3219 974 3294 γένεθλα
989 3217 1050 3282 κτὲ.
1072 3215 1117 3303 (O.
1129 3215 1189 3300 A.).
1239 3222 1275 3281 In
1289 3223 1428 3283 versibus

252 3331 326 3389 quos
341 3309 480 3371 damnavi
494 3311 550 3369 hoc
564 3328 681 3386 quoque
697 3311 798 3386 arguit
811 3311 1066 3389 interpolatorem,
1085 3311 1165 3388 quod
1180 3314 1250 3387 post
1263 3329 1429 3387 pronomen
1474 3387 1475 3392 η

252 3399 523 3460 demonstrativum
546 3395 640 3474 τήνδε
664 3399 846 3459 versiculum
865 3393 959 3483 (252)
978 3401 1110 3460 nondum
1129 3402 1260 3477 plenum,
1278 3402 1427 3461 malorum

252 3491 421 3552 versificum
439 3507 535 3563 more,
555 3488 687 3572 erplevit
704 3489 858 3549 vocabulis
878 3485 1067 3550 otiosissimis
1087 3484 1261 3563 Ἠλέκτραν
1280 3487 1374 3562 λέγω.

343 3596 415 3656 250.
527 3629 535 3642 ·
842 3590 882 3655 οὐ
901 3591 961 3670 γὰρ
981 3591 1111 3671 ἐντελὴς

466 3681 566 3759 θήραν
585 3681 766 3763 πατρῴαν
786 3681 979 3760 προςφέρειν
999 3681 1204 3760 ςκηνῶμαςιν.

341 3775 377 3832 In
403 3772 527 3832 Oomm.
552 3773 663 3834 Amet.
688 3774 801 3834 correxi
827 3770 1000 3852 πατρῴοις,
1027 3776 1238 3851 comprobante
1264 3775 1428 3849 Dindorfio,
1526 3781 1527 3808 λ

251 3865 337 3925 Add.
357 3865 423 3922 lex.
442 3861 566 3922 Aesch.
586 3883 615 3938 p.
634 3863 743 3922 43οΒ.

346 3973 419 4031 302.
465 3964 502 4027 τὸ
522 3965 562 4041 μή
582 3963 715 4027 πολίτας
729 3964 979 4037 Αεύκλεεςτάτους
999 3969 1124 4046 βροτῶν

466 4051 581 4130 Τροίας
599 4050 818 4133 ἀναςτατήρας
838 4053 959 4138 εὐδόξῳ
978 4055 1073 4134 φρενί

466 4146 576 4206 δυοῖν
594 4147 798 4216 γυναικοῖν
817 4141 878 4206 ὧδ’
897 4143 1061 4223 ὑπηκόους
1080 4146 1198 4210 πέλειν.

341 4238 452 4310 Nemo,
472 4235 572 4309 crede,
591 4235 723 4295 monitus
741 4256 801 4295 non
816 4239 938 4309 sentiet,
957 4240 1069 4314 quanto
1089 4238 1242 4316 pulchrius
1260 4238 1428 4314 magnificis

252 4328 299 4388 his
318 4326 454 4388 versibus
474 4325 652 4384 terminetur
670 4326 761 4402 longa
776 4324 890 4386 Orestis
911 4327 1006 4386 oratio
1025 4346 1115 4402 quam
1133 4328 1251 4386 misello
1269 4327 1428 4403 versiculo,

252 4417 304 4496 qui
327 4414 507 4492 compositus
531 4433 549 4472 a
571 4413 693 4474 falsario
717 4415 755 4474 ad
776 4415 983 4492 explicandum
1003 4434 1054 4475 eur
1073 4409 1173 4496 (quasi
1193 4417 1352 4476 obscurum
1371 4418 1428 4478 hou
