3084 4958
536 169 953 240 Emendationes.Aeschyleae.
1267 169 1330 233 123

155 340 274 401 videtur
293 335 429 401 νύξειν.
467 339 546 397 Nam
564 333 691 399 νύττειν
707 339 906 399 οιίκεντεῑν.
938 339 1106 416 Hesychius
1121 336 1328 416 νυττόμενος;

71 420 73 426 ’
156 424 375 502 κεντούμενος.
412 427 515 488 Litera
533 444 559 502 ψ
577 431 648 488 nata
667 431 723 487 est
740 446 757 487 e
776 429 913 506 sequenti
931 429 1085 488 vocabulo.

246 520 309 579 728
335 537 389 594 pro
413 511 502 591 ἀςμέ
509 533 583 576 ναις
606 537 688 578 more
711 516 879 594 Aeschyleo
904 520 935 576 et
957 518 1019 577 fere
1038 518 1240 594 antiquiorum
1259 521 1329 579 scri-

155 608 266 684 pserim
285 600 451 682 ἄςμεναι.
490 605 534 674 Of.
549 609 599 666 23.
621 608 699 681 3953
718 606 800 673 Pers.
822 609 895 668 736.

246 697 309 755 885
326 715 368 772 sq.
404 695 440 753 In
458 695 567 754 Mnem.
582 697 601 754 l.
616 695 637 756 l.
655 695 778 756 conieci:
796 733 798 742 ·

369 779 498 858 θολεροὶ
517 781 552 843 δὲ
573 778 664 856 λόγοι
683 777 831 844 πταίους’
849 778 915 862 εἰκῇ

369 873 502 947 ςτυγνῆς
521 869 827 947 προςκρούμαςιν
846 867 922 946 ἄτης

156 964 204 1022 vel
222 958 542 1037 προςκλύςμαςιν,
565 982 619 1038 pro
643 959 738 1036 πρὸς
757 958 921 1036 κύμαςιν.
965 962 1079 1024 Iniuria
1097 965 1262 1023 correctum
1282 967 1328 1024 est

151 1045 280 1112 παίους’
298 1070 355 1127 ριο
375 1044 531 1110 πταίους’.

244 1142 315 1201 924.
367 1135 537 1202 θυλαςςίαν
555 1156 590 1200 τε
609 1141 667 1216 γῆς
686 1134 885 1214 τινάκτειραν
906 1133 1048 1216 [νόςον]

237 1263 242 1270 -
364 1224 522 1307 τρίαιναν,
541 1224 656 1304 αἰχμήν
675 1228 733 1306 τὴν
751 1227 956 1290 Ποςειδῶνος
961 1229 1091 1308 ‚cneori

243 1312 347 1379 Νόςον
371 1318 530 1378 correctori
554 1318 740 1378 deficientem
763 1319 869 1406 pedem
893 1319 1045 1394 supplanti
1064 1319 1167 1378 deberi
1187 1321 1328 1395 suspicor.

152 1408 199 1484 Ap
201 1410 266 1467 tum
285 1407 363 1467 foret
383 1401 510 1483 βάθρων
528 1409 578 1467 vel
597 1404 708 1468 πέδου.

244 1499 337 1557 1013.
367 1491 502 1556 αὐθαδία
521 1490 582 1570 γὰρ
601 1496 647 1576 τῷ
666 1495 842 1571 φρονοῦντι
862 1493 902 1571 μὴ
922 1485 1028 1556 καλῶς

365 1580 443 1660 αὐτὴ
464 1578 538 1645 καθ’
555 1579 661 1661 αὐτὴν
674 1581 808 1646 οὐδενὸς
828 1585 963 1659 μεῖζον
985 1581 1096 1646 ςθὲνει.

241 1669 382 1735 Οὐδενὸς
406 1674 515 1748 μεῖζον
538 1678 609 1735 noto
633 1695 689 1734 usu
712 1675 862 1752 significet
880 1668 1015 1735 πάντων
1038 1668 1212 1748 ἐλάχιςτον.
1252 1676 1328 1748 Quia

153 1783 222 1823 vero
245 1764 411 1823 Mercurius
435 1764 640 1824 demonstrare
670 1765 735 1824 vult
763 1764 838 1823 nihil
867 1783 931 1824 esse
954 1764 1125 1823 Promethei
1154 1767 1327 1842 arrogantia

151 1853 327 1913 imbecillius
352 1845 446 1934 (ἀτὰρ
470 1849 642 1927 ςφοδρύνει
667 1847 702 1925 γ’
725 1848 880 1914 ἀςθενεῖ
903 1848 1096 1932 ςοφίςματι),
1120 1873 1243 1930 prorsus
1267 1875 1327 1915 non

151 1960 293 2018 assequor
307 1942 378 2018 quid
391 1941 580 2001 Dindorfinm
594 1944 730 2016 moverit,
748 1945 783 2002 ut
797 1943 827 2005 h.
841 1944 861 2002 l.
875 1942 1022 2018 reciperet
1035 1942 1184 2002 infelicem
1199 1943 1326 2004 Stanleii

151 2031 350 2092 coniecturam
371 2031 470 2105 μεῖον.

240 2122 335 2180 1034.
649 2114 724 2195 μηδ’
744 2116 900 2181 αὐθαδίαν

364 2204 531 2284 εὐβουλίας
550 2203 724 2283 ἀμείνον’
743 2206 842 2288 ἡγήςῃ
862 2206 950 2269 ποτέ.

238 2297 343 2356 Malim
361 2298 392 2356 in
410 2298 545 2375 generali
564 2299 714 2358 sententia
731 2301 872 2358 neutrum
891 2316 987 2375 genus
1007 2292 1149 2372 ἄμεινον.

241 2389 335 2448 1085.
663 2388 769 2467 ςκιρτᾷ
788 2381 823 2447 δ’
841 2381 897 2447 ἀνέ
882 2384 969 2461 έμαιν

362 2471 528 2550 πνεύματα
547 2471 679 2538 πάντων
699 2473 803 2536 ςτάςιν
823 2470 1006 2537 ἀντίπνοον.

238 2565 286 2625 Sic
305 2567 378 2625 haee
396 2566 490 2625 verba
507 2566 727 2650 constituerim,
752 2567 833 2626 delet
834 2584 851 2625 o
870 2586 929 2626 non
948 2568 1067 2625 tantum
1087 2585 1154 2625 oum
1172 2565 1327 2626 Dindoffio

151 2649 419 2729 ἀποδεικνύμενα,
439 2654 491 2713 sed
511 2655 602 2714 etiam
620 2657 801 2731 glossemate
821 2650 865 2715 εἰς
884 2647 1016 2729 ἄλληλα.

525 2802 580 2857 Ad
599 2803 739 2871 septem.
759 2814 787 2856 e
810 2800 943 2856 Thebas
1004 2839 1009 2848 ,

238 2921 289 2981 Vs.
306 2924 356 2982 29.
379 2921 494 2998 Insigni
514 2941 622 2995 errore,
641 2941 730 2998 quem
748 2922 779 2980 in
793 2922 886 2981 lexico
899 2857 1167 2998 Aesihyleot
1082 2940 1151 2997 repe
1154 2920 1230 2996 tivit,
1252 2921 1324 2980 Din-

148 3013 261 3074 dorfius
281 3010 401 3086 scripsit
419 3011 670 3085 νυκτηγορῆςθαι
690 3003 760 3092 (sic)
780 3029 833 3086 pro
853 3010 1120 3114 νυκτηγορεῖςθαι.

238 3101 289 3160 43.
313 3100 680 3174 ταυροςφαγούντες
701 3097 735 3160 ἐς
755 3093 952 3173 μελάνδετον
972 3094 1074 3159 ςάκος.

237 3189 385 3248 Punctum
404 3190 548 3266 temporis
563 3207 623 3248 non
637 3189 741 3248 dubito
757 3189 828 3264 quin
842 3188 1143 3264 ταυροςφαγοῦντε(
1159 3189 1199 3249 sit
1212 3190 1324 3265 glosse-

148 3299 198 3339 ma
220 3278 368 3356 genuinae
391 3278 528 3338 lectionis
553 3277 850 3353 μηλοςφαγούντες,
873 3296 962 3354 quam
987 3279 1015 3337 h.
1034 3299 1062 3339 v.
1081 3277 1254 3337 ioculariter
1278 3280 1328 3337 ad-

150 3370 256 3428 hibens
281 3367 413 3427 servavit
441 3367 568 3427 comicus
591 3367 623 3426 in
646 3367 978 3444 Lysistratavs.187.
1022 3367 1328 3442 interpretamentum

147 3456 322 3535 provocavit
340 3475 466 3533 sequens
485 3452 666 3530 ταυρείου
687 3451 801 3531 φόνου.
845 3453 941 3529 Μῆλα
964 3455 1087 3531 tragicis
1106 3474 1165 3514 non
1190 3459 1274 3530 sunt,
1294 3460 1329 3515 ut

149 3547 288 3619 Homero,
308 3563 377 3605 oves
393 3547 511 3604 tantum
527 3548 557 3605 et
571 3565 685 3620 caprae,
705 3545 757 3605 sed
772 3543 887 3605 κοινῶς
905 3576 943 3586 -
960 3539 1065 3604 πάντα
1079 3539 1120 3603 τὰ
1133 3540 1326 3620 τετράποδα,

147 3639 182 3694 nt
201 3637 248 3694 est
266 3653 312 3709 ap.
327 3634 511 3710 Hesychium
530 3653 553 3694 e.
567 3655 595 3695 ιι.
633 3633 678 3697 Of.
696 3634 832 3693 Dindorf.
851 3634 882 3692 in
901 3635 957 3692 lex.
978 3633 1066 3706 Soph.
1082 3653 1104 3693 s.
1118 3654 1147 3694 ν.
1188 3635 1247 3693 Res
1267 3654 1326 3694 non

147 3727 249 3801 potest
271 3723 379 3781 melius
402 3724 601 3782 demonstrari
625 3743 714 3799 quam
737 3725 906 3799 fragmento
930 3722 1064 3782 Niobes
1085 3715 1135 3801 (fr.
1152 3716 1245 3804 155),
1275 3723 1327 3782 ubi

150 3811 260 3889 μήλων
279 3814 549 3872 commemorantur
567 3807 722 3886 μυκηθμοὶ
741 3807 791 3871 καὶ
812 3809 1002 3886 βρυχήματα.
1045 3812 1207 3887 Perperam
1230 3812 1324 3889 igitur

147 3903 227 3962 idem
245 3900 335 3959 Dind.
349 3900 380 3958 in
398 3901 455 3959 lex.
469 3901 577 3960 Aesch.
597 3899 699 3975 μῆλον
718 3901 796 3960 ovis
815 3901 1040 3976 interpretatur.
1079 3900 1110 3962 0.
1125 3901 1161 3959 A.
1176 3893 1233 3982 (=
1248 3920 1325 3960 eom-

147 3991 292 4051 mentatio
302 3987 599 4065 Amstelodamensis‚
613 3990 631 4047 i.
643 3989 884 4066 e.Verslagen
898 4009 939 4049 en
949 3990 1248 4067 Medadeelingen
1262 3990 1325 4050 der

147 4078 376 4152 koninklijke
391 4078 686 4138 Nederlandsche
701 4078 893 4138 Academia
912 4097 981 4139 van
995 4079 1325 4156 Wetenachappen‚

148 4170 207 4229 afd.
227 4167 476 4242 letterkunde,
496 4167 560 4227 lde
578 4167 673 4229 rocks.
692 4169 758 4227 dael
772 4161 824 4250 V).

243 4259 355 4316 141m.
383 4257 491 4316 Mnem.
511 4258 531 4315 l.
546 4256 565 4316 1.
584 4275 645 4315 una
667 4257 760 4316 litura
784 4256 881 4316 delevi
904 4257 997 4317 verba
1021 4254 1112 4318 (ἑθεν
1134 4254 1167 4320 ἐξ
1192 4253 1326 4331 αἵματος

111 4343 115 4348 “
155 4340 338 4420 γεγόναμεν
356 4349 391 4405 ut
408 4345 600 4406 manifestum
621 4346 771 4424 glossema
790 4347 947 4406 verborum
967 4343 1082 4420 γένους
1100 4342 1283 4424 προμάτωρ.
