3084 4958
235 211 300 274 154
626 235 638 246 ..
668 205 704 261 H.
721 219 777 260 ven
794 199 983 258 Hcrwerdenr
1004 229 1008 236 ·

323 378 449 436 Frustra
462 396 510 436 me
523 367 606 448 torsi,
624 375 659 432 ut
674 381 689 432 e'
707 371 813 448 primis
826 362 927 431 verbis
941 353 1056 430 Orestis
1074 369 1211 430 elicerem
1228 371 1418 430 sententiam

236 484 303 526 oum
321 465 443 542 reliquis
463 465 539 526 satis
555 461 876 524 benennacreneeme
906 461 952 520 Eu
968 461 1005 518 iis
1025 461 1104 519 enim
1122 477 1198 536 quae
1217 459 1321 520 stetim
1341 461 1418 519 sub·
1528 535 1529 548 χ

236 558 401 632 sequuntur
417 555 482 614 iure
501 555 637 628 expectes
656 551 687 610 iu
704 551 760 610 hoc
779 549 921 610 orationis
936 549 1060 610 exordio
1074 549 1209 609 nondum
1227 549 1418 610 mentionem

228 637 365 706 Ιιιιιίιςιίι
384 643 631 714 lustrationibus,
648 641 689 700 de
711 634 820 714 quibus
843 658 887 700 ve.
902 640 1044 714 llssOeqq'.
1063 639 1182 697 iuturus
1205 637 1418 697 eratflicendi

235 735 329 802 locus,
358 731 603 790 sed-nihilaliud
631 727 740 787 dicere·
754 726 941 786 matricidam
968 746 1086 802 quarm·
1102 729 1210 804 longa
1234 727 1418 787 malorum

236 821 512 897 experientiase
525 820 671 878 doctum
688 835 767 875 esse
774 817 1418 891 ,utrum-identidem-iacereoppor-

236 915 359 971 tunum
388 911 499 985 esset,
522 907 624 983 loqur
639 925 697 964 an
710 908 838 965 tacere.
875 906 998 964 llletrmr
1013 907 1133 964 autem
1131 925 1206 966 esse
1229 901 1416 978 καθαρμοὺ(

235 1017 289 1076 pro
302 998 470 1059 necessaria
479 1015 558 1056 uoco
568 992 710 1069 καιροὺς
705 1011 794 1054 mero
805 990 922 1098 librarii
935 1013 1044 1092 errore
1049 993 1215 1088 aberrantis
1234 994 1272 1052 ad
1289 1012 1333 1052 vs.
1346 995 1414 1052 284

237 1088 382 1148 contendo
401 1090 432 1146 et
450 1087 568 1146 dedisse
585 1088 718 1160 ροοιιιιιιι
760 1113 771 1128 .
1141 1105 1165 1118 ι’

450 1159 515 1247 ἐγὼ
534 1167 748 1260 οιδαχθεὶιέν
767 1173 874 1258 ιιικοῑι
889 1153 1098 1246 ιιιῖιιαμαι
1159 1194 1185 1207 .‚

363 1307 366 1312 -
409 1255 628 1323 ιιοιιοῑιι
647 1253 815 1335 καιρούὲ,
833 1258 885 1320 καὶ
904 1259 1023 1334 λέγειν
1018 1255 1131 1321 ὅπου
1128 1257 1266 1334 olen-u

451 1345 592 1424 (ιγᾶνθ
610 1346 728 1426 ὁμοίω(
746 1347 808 1410 κτὲ.
876 1386 879 1390 -
936 1363 938 1368 ·
970 1381 975 1388 ι
1051 1376 1053 1386 ¹
1394 1393 1402 1398 .

326 1442 394 1501 Duo
429 1443 467 1501 ad
499 1443 528 1499 h.
554 1442 573 1499 l.
607 1444 677 1500 sunt
699 1439 833 1514 scholia,
872 1458 1015 1514 quorum-
1017 1439 1111 1514 priua
1132 1437 1262 1516 cpuidem
1292 1434 1311 1498 ὅ
1340 1436 1413 1513 ectr,

240 1530 412 1605 τηλικαῦτα
434 1525 607 1604 &poplene
624 1524 695 1607 (leg.
710 1521 929 1608 troxipcoclsii
949 1525 1214 1603 πολλῶνέδεήθη
1234 1527 1416 1603 καθαρμῶν

237 1621 317 1695 quod
345 1619 478 1678 exilitate
506 1635 561 1677 sua
584 1618 688 1692 prodit
715 1617 839 1692 Byzanl'
831 1633 912 1674 mem
937 1618 1098 1692 originem,
1131 1619 1262 1676 refertur
1285 1615 1336 1675 ad
1354 1621 1417 1692 tra-

238 1709 333 1768 ditam
357 1708 538 1781 lectionem,
554 1707 683 1765 alterum
705 1724 789 1778 vere,
807 1705 934 1764 doctum
957 1709 989 1764 et
1012 1707 1262 1780 Alexandrinum,
1285 1707 1323 1764 ad
1347 1725 1413 1764 eam

228 1799 355 1872 ipsam,
373 1815 467 1872 quam
499 1797 537 1855 de
562 1795 749 1855 coniecturae
775 1795 905 1853 restitui.
949 1789 1003 1854 Oi
1010 1791 1162 1874 ἐναγεῖ(
1170 1789 1309 1854 οὔιεέν
1336 1790 1413 1873 ἱερῷ

230 1884 432 1965 ιιροιῄιοαν
450 1880 524 1945 οὔτε
558 1881 781 1959 προιέβλειιον
811 1877 889 1942 ὀὔτε
920 1878 1180 2012 enteroceli—
1140 1896 1215 1944 τινι·
1247 1879 1311 2006 uoti
1317 1877 1415 2006 nop’

242 1970 409 2052 Εὐριπίδῃ·
831 2003 835 2011 κ
892 2009 895 2014 -
1266 2001 1296 2008 ··

242 2110 246 2118 ,
402 2104 404 2110 .
451 2056 483 2121 τι
500 2056 604 2139 (ιγᾷιζ-
616 2059 690 2135 μῶν
708 2055 816 2135 φόνον
834 2054 909 2121 τιν’
905 2055 1089 2135 εἰριάιως-
1195 2089 1213 2094 ··
1304 2087 1309 2094 ·

231 2146 335 2221 ,Ἐπεὶ
352 2145 500 2225 Ὀρέσηι
523 2148 630 2224 μέλλει
654 2147 852 2222 διαλέγεεθαι
875 2149 983 2210 δοκῶν
1005 2145 1051 2209 ἔτι
1077 2144 1300 2230 ἐναγής-ῥῖναι
1321 2144 1415 2225 Ἐγώ,

239 2257 331 2316 φηιι,
365 2236 523 2314 διδαχθεὶς
547 2237 616 2298 :obv
648 2239 735 2319 κακῷ
766 2239 815 2318 τῷ
845 2235 1020 2313 ἐμαυτοῦ·
1036 2237 1089 2299 καὶ
1117 2235 1189 2299 οἷον
1217 2236 1416 2300 διδαιιιιιοιι

237 2325 408 2404 χρώμενοι
432 2329 501 2388 ιαῖι
520 2325 633 2402 ἐμαῖς
658 2323 1022 2403 ιυμφοραῖιιπίιταμαι
1047 2325 1100 2388 καὶ
1121 2326 1288 2401 ιιγᾶνιιαι
1301 2325 1416 2388 λαλεῖν

241 2413 325 2478 ὅπου
345 2417 403 2492 δεῖ,
424 2413 634 2478 ΕΚΑΤΕΡΟΥ
648 2412 791 2477 ΚΑΙΡΟΝ
810 2408 1003 2488 γιγνώικων.
1025 2419 1128 2477 Nulla
1146 2417 1176 2476 in
1189 2417 1237 2476 his
1251 2419 1288 2476 tle
1305 2419 1416 2476 lustra-

243 2507 374 2566 tionibus
402 2499 507 2585 (quam
531 2523 602 2566 vero
621 2506 723 2580 inepte
743 2505 774 2562 in
795 2505 929 2581 vulgatis
948 2504 1069 2565 Orestes
1093 2508 1186 2566 iactat
1201 2508 1418 2566 lustrationum

158 2599 163 2606 '
242 2615 327 2655 suam
363 2586 605 2672 experientiaml)
632 2594 756 2668 mentio,
782 2594 842 2652 :sed
869 2594 955 2652 docte
983 2599 1022 2654 et·
1040 2597 1207 2654 luculenter
1233 2596 1271 2653 ab
1299 2595 1418 2654 erudito

243 2685 438 2759 grammatico
459 2703 494 2742 ea
511 2683 578 2759 ipsa
603 2684 760 2756 sententia,
781 2700 873 2758 quam
897 2701 972 2741 sana
993 2685 1077 2742 ratio·
1092 2683 1228 2760 requirit,
1252 2685 1419 2758 exponitur.

242 2774 306 2832 Hoc
335 2774 459 2848 insuper
480 2772 583 2848 quaeri
605 2775 717 2847 potest,
745 2791 783 2830 an
806 2771 885 2831 forte
907 2776 994 2831 veturs
1017 2773 1168 2849 interpres
1187 2791 1247 2831 non
1270 2771 1419 2832 πολλοῑει

240 2861 357 2938 legerit,
377 2863 429 2921 sed
448 2857 581 2937 ἐμοῖει.
613 2859 709 2930 Quam
723 2879 788 2918 rem
801 2863 913 2920 tamen
920 2881 980 2921 non
998 2861 1126 2921 fidenter
1144 2861 1319 2920 affirmarim
1322 2861 1419 2936 ‚qnia
1527 2887 1528 2897 ν

240 2949 390 3024 antiqui'
381 2971 413 3009 ιιι
435 2950 659 3025 interpretando
682 2949 779 3024 magis
802 2943 973 3010 universam
992 2951 1171 3050 sententiam
1189 2969 1292 3026 quam
1297 2949 1419 3072 singula

240 3039 391 3099 voeabula
409 3041 544 3114 spectare
562 3040 760 3101 assolent.

329 3127 460 3187 Fallitur
485 3128 522 3186 ad
548 3129 577 3187 h
595 3129 615 3188 l
630 3127 770 3201 weilius,
795 3129 845 3204 qui
870 3129 970 3188 verbis
996 3129 1139 3188 audacter
1159 3127 1420 3204 transpositis-in-

240 3216 413 3276 felicissime
438 3216 583 3276 coniciens
608 3210 682 3277 καθ
706 3210 838 3291 ὅρμους,
864 3217 951 3294 quod,
976 3218 1000 3277 si
1019 3217 1063 3276 dis
1082 3219 1189 3296 placet,
1212 3218 1360 3294 significet
1382 3218 1420 3276 in

241 3305 430 3382 hospitiis,
454 3304 607 3366 contendit
629 3305 736 3365 vitiose
760 3305 818 3364 sibi
840 3309 1021 3381 respondere
1039 3302 1090 3366 καί
1111 3333 1149 3347 -*
1170 3321 1213 3365 ιε.
1251 3307 1320 3365 Non
1339 3306 1420 3365 enim

242 3395 298 3453 sibi
326 3396 520 3470 respondent,
553 3394 605 3453 sed
637 3395 675 3454 ad
706 3390 758 3454 καὶ
789 3396 985 3470 repetendum
1012 3399 1061 3455 est
1086 3396 1217 3457 verbum
1244 3391 1419 3469 ἐπίσταμαι.

242 3481 275 3544 O
288 3481 325 3543 A
340 3481 384 3542 Of
398 3483 485 3543 Dind.
501 3482 584 3543 Aoo.
602 3503 631 3559 p.
647 3485 720 3544 428.

336 3575 408 3632 299.
454 3566 593 3631 οὔτας’
611 3566 779 3632 Ἀπόλλων
797 3567 871 3632 οὐδ’
889 3566 1057 3648 Ἀθηναία(
1077 3515 1188 3641 ιθένοι

455 3655 564 3734 ρύιαιτ
570 3654 677 3722 ’‘'ev
656 3677 735 3721 ωιιε
755 3659 794 3735 μὴ
815 3658 855 3722 οὐ
874 3662 1198 3759 παρημελημένον

455 3743 560 3824 ἔρρειν
578 3750 643 3811 κτλ.

242 3839 425 3940 Aeschylum
439 3857 494 3913 pro
508 3838 598 3899 inerti
612 3843 643 3900 et
660 3838 803 3918 languida
816 3859 888 3901 vooe
903 3839 1056 3918 scripsisse
1070 3835 1419 3919 παρεξηυλημένον,

242 3929 261 3988 ι
281 3947 306 3985 e.
324 3927 483 3986 miseriis
507 3928 709 3988 confectum
732 3931 840 4004 atque
864 3930 1089 4006 exhaustum,
1116 3933 1272 4008 probabile
1295 3932 1420 3992 reddere

243 4019 365 4076 conatus
385 4016 498 4074 eumin
519 4016 657 4077 Studiis
676 4017 843 4078 criticis
834 4034 871 4077 ιιι
888 4023 980 4094 poet.
995 4037 1085 4080 scen.
1101 4020 1220 4081 Graec.
1234 4042 1263 4098 p.
1279 4024 1306 4081 3.

333 4107 406 4164 312.
453 4100 696 4166 eceuonnoro’
713 4101 871 4182 ἡιόμεθ
889 4101 979 4168 εἶναι.

243 4194 279 4251 In
311 4193 432 4254 Exere
460 4195 538 4256 crit
566 4187 737 4277 (woalp
764 4197 825 4255 107
860 4197 1027 4257 scribebam
1060 4197 1203 4275 „Soloeea
1235 4197 1330 4260 oratio
1363 4205 1417 4262 est
1524 4251 1525 4264 .

245 4281 384 4429 ξορὸο
350 4277 526 4358 ebxbpeil’“.
563 4284 646 4344 Idem
664 4284 775 4345 vidisse
793 4284 1017 4347 Donaldsonum
1036 4290 1123 4349 docet
1140 4308 1188 4348 me
1207 4288 1353 4348 Dindorfii
1372 4292 1417 4350 ed.

273 4417 279 4430 .
321 4371 411 4430 conio.

419 4461 452 4517 Ο
