3084 4958
224 184 287 248 126
655 188 690 242 Η.
709 203 764 241 van
781 187 962 242 Herwerdem

311 357 385 416 810.
410 349 508 429 βαρέα
527 348 559 413 δ’
578 347 652 414 οὖν’
665 349 752 430 ὅμωε
771 345 903 428 φράεον.

224 457 227 460 ·
309 436 1161 520 Incomm.rimetmalebamh'dvd'proh’oirv.
1243 520 1249 528 ἱ
1312 486 1315 493 -

311 535 384 592 840.
435 531 546 592 διπλαῖ
564 529 720 607 μέριμναι,
741 525 846 606 δίδυμ’
865 527 1027 608 άγανόρεα
1047 531 1127 594 κακά

416 625 418 636 “
435 616 648 696 αὐτόφονα,
668 617 782 696 δίμορα
800 618 895 681 τέλεα
912 617 990 682 τάδε
1010 616 1103 697 πάθη.

312 709 436 770 Collatis
454 729 513 770 ves.
530 713 593 771 893
610 714 641 770 et
657 714 718 771 933
735 711 845 770 conieci
859 705 1065 786 ἀντίφονα,
1084 712 1163 788 quod
1177 716 1305 774 fortasse
1319 715 1395 791 legit

222 802 309 861 vetus
327 800 474 875 interpres
493 801 530 866 ad
549 800 578 858 h.
589 789 616 860 l.
637 800 786 876 explicans
805 794 1087 874 ἀλληλοκτόνοι
1105 797 1166 876 γὰρ
1187 799 1348 875 ἐγένοντο.

249 879 254 891 “
312 887 394 958 Quae
421 888 573 966 leguntur
589 889 658 948 inde
681 909 699 948 a
721 886 768 949 vsi
791 889 875 948 1005
902 887 1058 966 usquead
1083 891 1172 950 finem
1195 893 1221 950 si
1245 892 1395 954 omisisset

155 974 159 984 “
222 980 323 1054 poeta,
346 979 453 1037 melius
476 978 677 1054 prospexisset
700 978 826 1038 actionis
850 979 966 1038 unitati.
1008 979 1057 1039 Ita
1076 981 1131 1039 hoo
1150 981 1253 1040 drama
1271 982 1393 1040 commis

222 1067 442 1141 terminaretur,
461 1069 497 1125 ut
514 1067 633 1127 Persae.
675 1066 819 1145 Aeschyli
842 1071 941 1128 tamen
961 1071 1130 1145 exemplum
1155 1068 1274 1130 secutus
1299 1071 1395 1132 estin

221 1156 392 1217 Phoenissis
411 1156 577 1233 Euripides.

710 1303 764 1357 Ad
782 1304 911 1360 Persae.

312 1417 564 1485 tartareum
582 1439 634 1498 μοι
653 1423 749 1498 διπλῆ
769 1417 894 1498 μέριμν’
914 1418 1075 1501 άφραετόε
1094 1423 1177 1487 ἑετιν
1197 1423 1232 1486 ἐν
1252 1423 1373 1502 φρεείν,

462 1510 538 1588 μήτε
558 1507 917 1595 χρῃμάτωνάνάνδρων
934 1514 1055 1589 πλῆθοε
1075 1511 1111 1574 ἐν
1129 1517 1200 1595 τιμῇ
1221 1513 1359 1591 εὲβειν,

462 1595 535 1677 μήτ’
549 1595 752 1676 άχρημάτοιει
772 1597 907 1676 λάμπειν
926 1603 1007 1678 ιριῖιε,
1026 1598 1103 1665 ὅεον
1123 1602 1233 1665 εθένοε
1252 1600 1351 1680 πάρα.

310 1692 360 1751 Ita
378 1693 453 1750 dura
471 1694 502 1750 et
520 1691 674 1767 inelegans
699 1694 745 1750 cst
767 1691 841 1750 haec
865 1695 1032 1752 structurae
1051 1693 1263 1770 inaequalitas,
1287 1714 1347 1770 qua
1364 1696 1396 1755 in

223 1783 324 1841 eedem
350 1781 499 1840 sententia
522 1780 712 1856 coniungitur
739 1781 1079 1842 verbum'transiti'vum
1107 1802 1173 1842 cum
1196 1783 1396 1861 intransitivo,

222 1874 257 1930 ut
275 1872 359 1946 prius
378 1870 409 1945 in
427 1869 534 1929 mendo
549 1870 658 1928 cubare
678 1869 818 1946 suspicer.
854 1870 912 1930 Pro
928 1868 1029 1946 εέβειν
1043 1875 1147 1948 aptum
1161 1873 1239 1932 foret
1252 1869 1396 1947 πρέπειν.

223 1959 289 2019 Vid.
309 1960 410 2019 Dind.
429 1961 494 2018 lex.
513 1958 639 2018 Aesoh.
659 1977 681 2018 s.
701 1979 729 2018 v.

314 2050 385 2109 173.
437 2043 472 2108 εὖ
491 2041 562 2107 τόδ’
580 2042 652 2122 iter,
672 2047 730 2122 γῆ(
749 2041 867 2109 ἄνακτα
885 2049 987 2124 τῆεδε,
1006 2048 1046 2126 μή
1066 2067 1098 2111 ce
1114 2046 1160 2109 δῖε
1175 2045 1331 2125 φράεαι,

436 2131 509 2213 μήτ’
528 2131 606 2196 έποε
625 2131 698 2212 μήτ’
716 2131 822 2212 ἔργον,
843 2131 889 2198 ὧν
904 2133 944 2199 ἂν
958 2134 1089 2214 δύναμιε
1102 2136 1276 2214 ἡγεῖεθαι
1296 2136 1395 2220 θέλῃ.

311 2228 504 2286 Manifestum
524 2245 589 2286 esse
608 2227 737 2286 arbitror
755 2231 873 2303 poetam
892 2249 946 2304 pro
963 2225 1104 2304 φράεαι
1123 2229 1241 2288 dedisse
1259 2229 1396 2288 futurum

224 2311 393 2393 φράεειν.
431 2315 516 2386 Quod
536 2315 671 2392 sequitur
691 2309 737 2376 ὧν
754 2313 896 2390 ἡγεῑεθριι
916 2315 992 2396 θέλῃ
1011 2323 1073 2378 tam
1091 2319 1191 2393 inepte
1211 2318 1396 2393 dictumest,

223 2411 258 2466 ut
281 2407 427 2482 hodieque
446 2406 536 2481 longe
554 2405 723 2480 praeferam
742 2407 819 2481 quod
843 2407 912 2465 olim
933 2407 1043 2466 conieci
1061 2408 1093 2466 in
1111 2407 1397 2466 Exercitationi-

222 2497 289 2556 bus
308 2495 460 2554 criticis:
481 2487 527 2552 ὡν
546 2489 586 2552 ἂν
605 2489 735 2567 δύναμιε
754 2490 772 2573 ᾖ
792 2488 827 2566 γ’
844 2491 932 2569 ἡμῖν
950 2495 1088 2556 τελεῖν.

313 2586 386 2646 250.
410 2579 530 2643 nothe
549 2578 692 2642 πλούτου
711 2581 814 2657 λιμὴν.
840 2583 970 2643 -θοιιὶοοῖ
990 2581 1111 2660 βαθὺς.
1141 2584 1173 2643 0.
1187 2585 1224 2646 Α.

313 2676 386 2733 329.
409 2671 543 2733 τοιῶνδε
563 2671 665 2732 τῶνδε
685 2671 744 2733 νῦν
763 2667 1003 2749 ὑπεμνήεθην
1022 2671 1102 2748 πέρι.

312 2763 530 2822 Mentionem
553 2762 673 2821 facere
697 2762 737 2821 de
760 2763 883 2839 aliqua
905 2784 942 2822 re
967 2762 1079 2823 Graece
1103 2783 1163 2824 non
1180 2765 1269 2823 aliter
1288 2764 1397 2824 dieitur

225 2873 314 2929 quam
332 2846 559 2926 ἐπιμνηεθῆναί
578 2841 615 2932 (e.
631 2843 816 2931 μνηεθῆναῖ)
835 2868 921 2911 τινοε
941 2873 964 2912 s.
979 2849 1051 2927 περί
1065 2869 1159 2913 τινοε.
1193 2852 1398 2929 compositum

223 2938 461 3016 ὑπομνηεθῆναι
483 2959 521 2999 ne
545 2941 678 2999 admittit
696 2941 815 3016 quidem
831 2942 1081 3018 praepositionem
1097 2937 1178 3017 περί,
1212 2941 1398 3002 correxerim

223 3032 330 3108 igitur:
835 3043 850 3070 ⁹

436 3118 571 3178 τοιιῖινδε
591 3118 693 3179 τῶνδε
713 3119 772 3180 νῦν
791 3114 1030 3195 ἐπεμνὴεθην
1049 3115 1129 3193 πέρι.

314 3211 387 3269 380.
410 3203 496 3270 τάξι(
515 3205 551 3267 δὲ
570 3203 659 3270 τάξιν
677 3203 849 3282 παρεκάλει
867 3205 965 3268 νεὼ(
984 3207 1134 3283 μακρᾶε.

316 3295 402 3370 Ναῦε
425 3293 528 3372 μακρά
551 3299 704 3359 collective
729 3299 841 3357 dictum
858 3297 912 3374 pro
932 3299 1027 3357 classe
1045 3298 1133 3358 valde
1152 3300 1323 3372 suspectum
1344 3301 1397 3371 est,

225 3389 332 3446 saltem
356 3387 418 3446 sinc
443 3387 586 3462 exemplo.
634 3385 759 3446 Omnino
787 3406 858 3446 vero
881 3387 1037 3446 ferendum
1065 3406 1125 3446 nou
1147 3386 1266 3446 videtur
1288 3387 1319 3445 in
1342 3387 1398 3446 hac

227 3477 386 3538 verborum
411 3476 633 3551 compositione.
680 3477 716 3535 In
739 3476 858 3536 Exerc.
879 3475 1018 3535 criticis
1040 3497 1070 3552 p.
1086 3478 1126 3536 95
1152 3475 1341 3551 requirebam
1368 3480 1398 3536 et

222 3585 302 3624 ‘nunc
320 3565 440 3641 requiro
459 3563 557 3625 νεῶν
576 3565 735 3640 μακρῶν.
997 3558 999 3562 ’

316 3658 388 3715 701.
412 3654 469 3713 Pro
490 3651 601 3715 λέξας
621 3654 735 3714 correxi
754 3650 873 3714 λέξων
892 3654 1000 3712 Mnem.
1014 3653 1034 3712 l.
1048 3655 1068 3713 l.

316 3747 388 3805 725.
412 3743 475 3818 φεῡ
495 3740 593 3817 μέγα(
611 3759 666 3802 τι(
684 3740 774 3819 ἦλθε
794 3738 923 3818 δαίμων,
943 3737 1021 3802 ὥετε
1042 3740 1082 3817 μὴ
1102 3743 1239 3823 φρονεῖν
1258 3743 1371 3804 καλῶς.

314 3833 484 3909 Depravata
510 3851 575 3892 esse
600 3833 692 3892 verba
715 3849 761 3891 τι(
786 3828 863 3908 ἦλθε
890 3833 990 3890 studui
1016 3832 1221 3893 demonstrare
1246 3835 1277 3892 in
1304 3832 1334 3891 O.
1358 3834 1395 3891 A.

226 3922 404 3982 Emendatio
424 3925 471 3982 est
488 3921 609 3996 ineerta,
629 3922 699 3999 quia
717 3922 806 3997 plura
823 3924 895 3997 apta
913 3941 945 3980 se
964 3921 1102 3982 offerunt.
1143 3923 1221 3981 Nam
1244 3922 1301 3981 loci
1319 3922 1396 3980 ratio

226 4011 359 4071 admittit
377 4015 440 4070 tam
460 4005 517 4086 (φ’
535 4007 654 4086 ἐπῆλθε
674 4029 762 4088 quam
783 4003 840 4086 (φ’
859 4005 949 4085 έεηνε
969 4014 1022 4070 aut
1040 4026 1086 4094 uc
1105 4007 1171 4087 ἦγε.

315 4103 388 4161 829.
438 4096 519 4174 πρὸ(
537 4094 631 4160 ταῦτ’
649 4097 773 4162 ἐκεῖνον
793 4100 975 4176 ειιιφρονεῖν
994 4097 1231 4176 κεχρημένον

440 4184 601 4250 πινύεκετ’
620 4185 777 4264 εὐλόγοιει
796 4187 1039 4265 νουθετήμαειν·

439 4278 529 4354 λῆξαι
548 4273 780 4356 θεοβλαβοῦνθ’
798 4274 971 4358 ὑπερκόπῳ
991 4272 1105 4352 θράεει.

316 4368 374 4438 Qui
394 4386 496 4444 sapere
510 4369 574 4444 ipse
590 4371 698 4446 cupiat,
717 4371 795 4428 hunc
809 4368 924 4428 hortari
938 4368 1013 4427 nihil
1027 4385 1101 4442 opus
1115 4369 1170 4428 est.
1208 4365 1398 4442 Quapropter
