3084 4958
517 215 735 271 Emendationes
754 215 932 284 Aeschyleae.
1248 211 1310 279 157

229 387 303 446 570.
341 379 619 460 τιγᾶνᾶρήγει.-

61 551 64 555 ¹
165 503 167 510 v
228 474 260 532 Si
287 493 392 534 sanaim
418 477 465 533 est
491 468 614 547 ἀρήγει,
640 471 823 548 Aeschylum
848 476 953 533 contra
976 467 1108 533 omnium
1131 471 1312 533 Graecorum

139 564 385 623 consuetudinem
399 563 606 638 impersonalit
608 581 640 620 er
655 557 700 639 [et
714 563 835 621 insolita
844 557 978 639 notione]
993 564 1048 623 hoa
1062 563 1154 623 verbo
1168 581 1241 621 usus
1256 565 1311 621 est.

138 652 268 711 Difficile
292 655 393 711 autern
417 652 498 710 dictu
522 653 579 723 est,
606 652 708 709 utrum
727 651 899 730 scholiasta,
922 652 974 727 qui
998 652 1126 727 explicat
1150 648 1311 725 (υμφέρει,

139 733 280 816 legerit'
265 738 409 815 αρήγει,
429 759 467 799 an
486 724 1008 816 upoctxe1,quodhraexpeces
1046 742 1123 799 Nam
1144 739 1310 816 Hesychius

139 849 255 905 quoque
287 830 419 906 glossam
452 826 630 903 προτήκει
663 829 812 904 explicans
845 829 925 888 inter
952 830 1012 888 alia
1043 830 1312 905 interpretamenta

138 915 446 994 ροθοίὴτυμφέρει.
485 915 571 977 Ο..Α

229 1026 301 1086 577
516 1019 622 1100 φόνου
643 1022 678 1084 δὲ
698 1019 791 1085 τοῦδ’
809 1021 874 1096 ἐγὼ
894 1019 1062 1098 καθᾶρτιοτ

350 1109 401 1173 καὶ
420 1112 611 1189 τυνδικήτων
631 1110 755 1174 αὐτὸς.

139 1211 284 1281 Quoniam
307 1212 391 1270 nulla
416 1212 511 1270 estin
530 1211 686 1287 spiritibus
705 1210 838 1272 codicum
858 1210 1034 1285 auctoritas,
1058 1211 1161 1270 eodem
1179 1211 1244 1269 iure
1264 1211 1312 1269 edi

137 1303 238 1376 potest
252 1295 365 1360 αὑτό(
380 1301 397 1360 i.
414 1320 438 1359 e.
454 1294 473 1358 ὁ
488 1295 593 1375 αὐτός,
608 1304 642 1360 τιὴ
656 1301 764 1377 Apollo
779 1300 860 1358 dicat
874 1318 947 1375 „ego
961 1298 1012 1378 qui
1022 1297 1159 1359 Orestem
1174 1299 1311 1375 lustravi,

138 1390 232 1448 idem
254 1392 397 1464 patronus
422 1390 448 1448 ei
477 1388 554 1451 ero“.
596 1389 678 1460 Quae
704 1388 852 1450 scribendi
877 1387 954 1446 ratio
978 1386 1051 1445 mihi
1078 1407 1155 1446 nunc
1180 1390 1215 1446 ut
1240 1389 1310 1447 olim

135 1469 203 1560 (Er.
218 1479 282 1537 crit.
296 1499 325 1554 p.
342 1469 419 1558 107)
439 1479 527 1537 alteri
545 1479 741 1554 praeferenda
758 1477 887 1537 videtur.

228 1569 301 1626 592.
352 1565 514 1646 ξιφουλκῷ
534 1563 614 1641 χειρὶ
633 1564 714 1640 πρὸ(
733 1563 830 1640 δέρην
848 1582 887 1625 τε
894 1561 979 1640 μών.

137 1657 206 1717 Non
219 1656 306 1714 facile
321 1655 458 1731 expedies
471 1656 722 1731 praepositionem
737 1650 826 1729 apoc,
840 1656 898 1713 nisi
909 1673 1025 1713 urceum
1035 1654 1194 1730 agnoveris
1205 1650 1310 1728 τεμών

137 1764 204 1805 esse
233 1745 384 1820 glossema
413 1745 560 1821 genuinae
590 1745 726 1803 lectionis
758 1740 891 1819 βαλών.
942 1742 986 1801 Of.
1010 1743 1083 1802 Eur.
1107 1739 1202 1802 Orest.
1225 1745 1310 1802 1350

136 1829 304 1908 φᾶτγανον
334 1830 369 1892 δὲ
396 1831 489 1907 πρὸ(
514 1830 603 1910 δέρῃ
629 1829 754 1908 βαλών
777 1825 875 1911 (unde
893 1831 941 1890 hia
960 1850 1077 1908 quoque
1096 1832 1198 1890 malim
1224 1829 1310 1910 δέρῃ.

136 1923 184 1980 Ad
202 1922 308 1982 Aecus.
323 1922 359 1982 cf.
374 1922 428 1981 Ion
444 1923 516 1995 582,
538 1913 610 1994 685,
630 1921 681 1996 qui
695 1925 797 1997 tamen
811 1921 868 1980 loci
882 1924 953 1980 sunt
966 1922 1056 1996 paulo
1070 1911 1195 2000 diversi)
1215 1923 1246 1979 et
1267 1920 1312 1979 ita

136 2014 225 2086 saepe
239 2005 459 2084 προεβάλλειν,
475 2012 557 2070 velut
571 2010 681 2071 Phoen.
698 2012 769 2082 735,
784 2010 848 2068 Alc.
864 2011 937 2070 307.
969 2010 1130 2068 Praeterea
1145 2009 1182 2071 cf.
1195 2007 1245 2069 Or.
1256 2011 1308 2086 51,

136 2099 202 2175 lph.
218 2099 252 2160 Τ.
269 2100 341 2173 785,
362 2101 457 2159 1374.
499 2097 530 2158 C.
549 2098 586 2158 A.
623 2097 689 2156 Vid.
704 2097 792 2157 Diud.
807 2099 871 2156 lex.
886 2096 970 2159 Add.
991 2119 1019 2174 p.
1034 2097 1140 2157 431Β.

227 2207 299 2265 605.
327 2204 436 2264 Famae
455 2203 711 2281 Clytaemnestrae
732 2206 828 2264 scelus
847 2207 1005 2262 attenuant
1024 2204 1161 2263 dicendo:

349 2289 407 2354 οὐκ
425 2290 465 2368 ἦν
484 2288 617 2368 ὅμαιμοτ
636 2290 746 2368 φωτὸς
765 2291 805 2353 ὃν
823 2289 1023 2352 κατέκτανεν.

135 2383 251 2453 Quibus
270 2383 369 2444 verbis
388 2382 573 2458 ineptissime
592 2384 753 2458 respondet
773 2381 893 2442 Orestes
912 2380 1095 2456 quaerendo:

348 2468 414 2543 ἐγὼ
433 2469 468 2530 δὲ
488 2469 626 2546 μητρὸς
645 2472 710 2547 τῆ(
728 2469 820 2546 ἐμῆ(
839 2467 879 2530 έν
899 2465 1017 2547 αἵματι,

136 2581 227 2636 quum
247 2561 414 2620 debuisset:

347 2646 412 2721 ἐγὼ
433 2646 468 2709 δὲ
488 2648 625 2723 μιαρᾶς
644 2649 754 2723 τῆεδε
775 2648 853 2708 πῶς
872 2645 912 2708 ἐν
931 2644 1051 2722 αἵματα

135 2741 188 2796 θοὴ
211 2737 325 2814 aliquid
348 2738 454 2797 saltem
477 2738 508 2795 iu
533 2739 606 2795 hano
630 2737 817 2796 sententiam.
858 2735 965 2795 Matris
989 2737 1067 2794 enim
1090 2752 1162 2794 suae
1187 2753 1219 2793 se
1242 2753 1309 2794 con-

136 2827 333 2902 sanguineum
357 2841 423 2886 esse
446 2845 556 2900 negare
579 2845 638 2884 non
661 2828 788 2900 poterat.
831 2825 890 2885 Sed
911 2843 1023 2901 negare
1047 2826 1167 2899 poterat
1190 2842 1223 2882 se
1246 2826 1310 2881 tam

136 2916 293 2975 seelestam
307 2915 463 2975 mulierem
477 2935 531 2991 pro
546 2919 642 2973 matre
657 2933 712 2974 sua
726 2933 895 2991 agnoscere.
924 2912 1069 2988 Quicquid
1079 2912 1169 2987 poeta
1179 2911 1306 2988 scripsit,

134 3005 227 3064 verba
244 3001 361 3079 μητρόε
379 3005 434 3079 τῆ(
453 2999 529 3078 ἐμῆ(
551 3007 586 3063 ut
598 3004 749 3080 glossema
763 3002 959 3080 expungenda
974 3021 1039 3062 esse
1053 3001 1191 3060 arbitror.
1224 2999 1255 3060 O.
1270 3000 1306 3061 A.

134 3092 170 3152 In
189 3094 395 3170 sequentibus:

348 3189 425 3249 odic
444 3184 505 3264 γάρ
525 3183 554 3249 c'
572 3185 711 3265 ἔθρεψεν
729 3184 830 3264 ἐντότ,
850 3184 877 3247 ὦ
896 3183 1059 3264 μιαιφόνε;

233 3269 238 3279 '
347 3275 464 3354 Ζώνης
485 3274 618 3352 ἀπεύχει
637 3275 754 3353 μητρὸτ
772 3273 850 3352 αἷμα
868 3274 1037 3354 pitacium

137 3377 189 3436 ubi
207 3378 317 3437 ibidem
340 3377 410 3437 auc
433 3377 609 3454 glossatoris
633 3395 697 3436 esse
722 3379 753 3434 et
771 3371 812 3435 οὐ
834 3375 1076 3435 substituendum
1101 3372 1212 3431 conieci
1231 3364 1307 3452 (vid.

136 3485 227 3541 supra
245 3467 283 3525 ad
301 3465 408 3542 Agam.
430 3461 539 3546 1374),
558 3467 687 3526 fortasse
707 3484 778 3525 vera
797 3466 844 3523 est
859 3463 959 3522 Weilii
977 3461 1200 3538 interpretatio:
1219 3481 1307 3536 quo·

135 3555 237 3614 modo
255 3555 346 3613 enim
364 3559 479 3615 mater
496 3557 532 3614 in
551 3559 653 3615 utero
673 3558 707 3613 te
726 3553 819 3614 aluit
837 3553 908 3611 nisi
928 3551 1103 3628 sauguine
1123 3549 1206 3610 suo?

225 3663 298 3721 611.
350 3659 460 3734 δρᾶται
479 3657 539 3735 γὰρ
558 3657 664 3735 ὥοπερ
683 3657 767 3720 ἐττὶν
786 3655 845 3719 οὐκ
863 3654 1056 3733 ἀρνούμεθα·

348 3743 424 3807 ἀλλ’
442 3745 469 3808 εἰ
488 3745 614 3808 δικαίως
635 3745 697 3809 εἴτε
717 3747 757 3823 μὴ
777 3750 814 3827 τῇ
835 3750 870 3828 τῇ
890 3744 985 3821 φρενὶ

348 3837 453 3897 δοκεῖ
471 3832 543 3896 τόδ’
562 3833 637 3912 αἷμα
656 3839 775 3911 κρῖνον,
794 3832 839 3896 ὡ(
857 3833 984 3896 τούτοις
1002 3829 1123 3909 φράτω.

225 3936 283 4006 Qui
302 3936 390 3994 huius
409 3935 466 3994 loci
481 3934 672 3995 difficultates
687 3935 763 3994 bene
779 3936 914 4010 exposuit
925 3933 1052 3993 Weilius
1067 3936 1154 3992 acute
1169 3935 1306 3994 coniecit:

348 4019 505 4097 δοκεῖ,τὸ
525 4021 567 4100 δή
587 4041 647 4098 μοι
666 4025 784 4099 κρῖνον.

137 4115 194 4174 Sed
213 4114 323 4174 mirum
343 4118 389 4173 est
407 4115 438 4171 et
456 4113 534 4172 hune
553 4118 583 4172 θὴ
601 4118 716 4174 ceteros
735 4112 853 4173 criticos
871 4111 1061 4188 praeteriisse
1080 4110 1222 4170 vitiosum
1241 4129 1306 4170 esse

135 4204 223 4264 δοκεῖ
241 4208 272 4264 θὴ
296 4201 408 4279 requiri
432 4201 544 4274 δοκῶ,
570 4203 632 4263 soil.
651 4202 772 4276 δρᾶται.
812 4203 852 4260 Εὴ
874 4201 1018 4276 rescripto
1043 4199 1154 4274 δοκῶ,
1178 4200 1307 4260 fortasse

136 4294 249 4352 seruari
266 4293 378 4369 poterit
395 4284 468 4351 τόδ’
488 4285 563 4365 αἷμα
581 4292 764 4367 iungendum
784 4310 851 4350 cum
869 4288 978 4364 δρᾶται
1002 4280 1093 4368 (ἀλλ’
1111 4285 1138 4349 εἰ
1158 4319 1199 4330 -
1220 4289 1305 4348 δοκῶ

136 4375 206 4441 τόδ’
221 4376 297 4456 αἷμα
312 4375 446 4463 δρᾶται).
479 4380 603 4440 Locutio
618 4381 695 4440 enim
711 4375 786 4454 αἷμα
801 4377 890 4454 δρᾶν,
909 4377 1051 4438 caedem
1066 4378 1304 4455 committere,
