3084 4958
217 185 281 249 140
645 187 680 241 Η.
699 203 753 242 van
772 186 954 243 Herwerden:

215 354 312 430 βορᾶ(
339 356 410 414 olim
439 354 634 430 adscriptum,
662 374 720 431 quo
748 356 846 414 deleto
874 356 1075 430 reponendum
1101 360 1147 416 est
1173 352 1302 432 πατρόε.
1347 359 1387 416 Et

214 444 317 519 κρεῶν
339 443 433 519 βορᾶε
451 444 511 502 iam
529 462 583 518 per
602 445 739 503 sevaldo
759 447 931 520 suspectum
951 448 1006 506 est.

306 536 399 593 1222.
427 529 462 592 ἐκ
480 531 583 591 τῶνδε
603 527 716 592 ποινά(
735 550 814 608 φημι
835 529 999 609 βουλεύειν
1018 531 1089 594 τινὰ

427 615 537 681 λέοντ’
556 614 689 681 ἄναλκιν
708 618 744 682 έν
763 619 850 696 λέχει
873 619 1110 698 ττρωφιόμενον

428 704 586 783 οἰκουρόν,
607 704 701 785 οἴμοι,
720 711 767 790 τῷ
787 705 918 785 μολόντι
937 708 1083 791 δεεπότῃ.

302 800 396 860 Verbi
422 800 468 878 τῷ
496 793 627 874 μολόντι
655 795 791 878 δεεπότῃ
820 799 1003 860 Casandram
1038 804 1204 880 significare
1233 807 1387 865 dominum

215 911 302 950 suum
312 889 568 966 Agamemnonem
578 889 727 948 neminem
741 891 861 964 poterat
874 890 985 965 latere;
999 897 1181 969 quapropter
1194 895 1389 955 vehementer

214 980 286 1038 mihi
306 982 462 1055 suspectus
482 979 597 1053 estqui
617 978 737 1038 additur
760 979 791 1038 in
809 979 908 1039 eodioe
927 980 1092 1041 versiculus
1110 983 1272 1059 languidus
1291 985 1389 1044 ethio

214 1089 321 1145 parum
340 1072 441 1145 aptus:

428 1153 506 1236 ἐμῷ,
526 1152 638 1230 φέρειν
656 1151 717 1231 γὰρ
738 1155 796 1232 χρὴ
816 1153 853 1216 τό
873 1153 1005 1218 δούλιον
1024 1153 1129 1231 ζυγόν.

304 1245 465 1322 Sequentia
484 1246 525 1305 sio
545 1265 580 1304 ex
598 1246 672 1304 meis
694 1248 724 1304 et
743 1247 870 1307 aliorum
889 1248 1067 1306 eonieoturis
1087 1250 1304 1310 constituerim:

427 1334 512 1394 νεῶν
531 1329 562 1393 δ’
582 1329 722 1410 έπαρχοτ
741 1329 831 1396 Ἰλίου
850 1330 883 1394 τ’
901 1331 1077 1411 ἀναετάτητ

430 1420 487 1484 οὐκ
506 1418 608 1498 οἶδεν,
629 1420 690 1485 οἵα
708 1423 834 1498 γλῶττα
853 1427 1008 1501 μιεητῆε
1028 1421 1136 1487 κυνόε’

429 1508 580 1575 λείξαεα
599 1507 784 1573 κάκτείναεα
803 1512 969 1589 φαιδρὸν
987 1511 1066 1590 obt,
1086 1511 1175 1590 δίκην

428 1595 505 1676 ἄτητ
525 1596 677 1676 λαθραίου
698 1601 850 1678 λήξεται
869 1606 946 1684 κακῇ
967 1602 1089 1685 τέχνῃ.

215 1698 233 1755 i.
249 1716 273 1755 e.
287 1695 432 1755 navium
451 1694 569 1751 autem
583 1693 782 1768 imperator
795 1693 930 1768 Iliique
945 1713 1095 1754 eversor
1109 1696 1255 1772 ignorat
1268 1699 1389 1772 qualis

216 1786 265 1845 sit
282 1785 410 1860 lingua
427 1781 648 1841 libidinosae
667 1775 785 1862 (istius)
806 1783 917 1842 aenis!
962 1783 1057 1854 Quae
1074 1769 1227 1860 primum
1245 1787 1389 1861 quidem

214 1873 329 1950 lingit
356 1872 558 1946 blandeque
590 1890 694 1930 aures
721 1875 839 1931 movet
863 1875 969 1949 atque
997 1875 1173 1948 extendit,
1201 1894 1279 1934 mox
1303 1896 1387 1937 vero

214 1964 368 2022 latentis
392 1962 512 2020 Norae
535 1961 655 2019 instar
677 1961 866 2021 malitiose
888 1961 1077 2036 mordebit.
1121 1963 1157 2022 In
1180 1964 1226 2023 his
1254 1968 1387 2041 μιεητῆε,

215 2053 294 2128 quod
319 2051 465 2111 odiosae
487 2050 605 2110 uertere
632 2050 741 2127 solent,
766 2051 981 2126 interpretatus
1007 2070 1072 2110 sum
1091 2052 1329 2133 libidinosae,
1355 2060 1390 2116 ut

216 2142 368 2202 Casandro
397 2140 537 2216 respiciat
563 2137 802 2215 Clytemnestrae
831 2159 898 2199 oum
924 2139 1071 2217 Aegistho
1102 2143 1292 2203 adulterium.
1341 2144 1388 2203 Ad

216 2231 437 2290 emendationes
448 2229 505 2290 loci
515 2228 757 2304 depravatissimi
766 2229 844 2304 quod
852 2230 969 2308 attinet,
980 2231 1054 2288 mihi
1063 2231 1388 2309 debeturhypostigme

215 2323 284 2397 post
302 2314 397 2379 κυνόε
416 2321 447 2378 et
465 2319 496 2376 in
515 2319 573 2376 fine
591 2314 686 2396 τέχνῃ
707 2338 760 2393 pro
779 2313 867 2397 τύχῃ,
886 2319 1020 2395 reliquae
1039 2321 1119 2380 aliis:
1137 2340 1182 2380 vs.
1199 2324 1214 2379 1
1237 2316 1269 2380 δ’
1288 2341 1342 2398 pro
1357 2316 1388 2381 τ’

215 2409 409 2488 Vossio‚vs.2
422 2411 452 2468 et
461 2410 479 2466 3
489 2403 542 2466 οἵα
551 2425 605 2483 pro
616 2401 668 2466 οῘα
679 2409 709 2466 et
722 2402 847 2469 λείξαεα
861 2427 914 2484 pro
931 2405 1044 2470 λέξατο
1053 2409 1240 2488 TyrhwittiO,
1250 2432 1277 2471 v.
1287 2415 1305 2471 3
1317 2429 1389 2487 φαι-

215 2495 293 2574 όρόν
312 2493 368 2557 oric
388 2516 441 2574 pro
461 2490 658 2572 φαιδρόνουτ
672 2495 829 2573 Ahrensio‚
848 2518 876 2557 v.
891 2498 911 2555 4
927 2494 1052 2571 δήξεται
1070 2517 1124 2574 pro
1144 2494 1287 2561 redietur
1306 2501 1388 2560 Mad-

214 2588 304 2664 vigio.
332 2587 432 2645 Minus
446 2589 526 2645 recte
541 2586 619 2643 hune
629 2585 726 2645 locum
735 2586 863 2645 tractavi
872 2587 903 2645 in
914 2584 1038 2646 Comm.
1049 2586 1387 2650 Amstelodamensi.

276 2734 281 2741 ,
308 2678 403 2738 1285.
440 2677 476 2735 Ιιι
495 2674 527 2735 0.
541 2675 577 2734 A.
597 2675 646 2749 sio,
666 2675 782 2734 duabus
802 2675 910 2735 additis
929 2676 1066 2754 literulis,
1087 2676 1256 2739 emendavi:

288 2769 290 2772 ’
428 2757 617 2845 (πρλάξειν
636 2780 685 2825 νιν
700 2759 856 2840 ὑπτίατμα
875 2762 1020 2839 κειμένου
1040 2762 1162 2841 πατρότ

215 2858 376 2916 ulturum
400 2875 477 2914 eum
501 2844 672 2935 (Orestem)
697 2873 774 2913 esse
798 2856 939 2914 eaedem
967 2856 1085 2930 patris
1110 2857 1277 2917 iacentis.
1321 2857 1388 2918 vid.

214 2946 301 3005 Dind.
319 2947 385 3004 lex.
404 2944 529 3004 Aeseh.
548 2943 579 3001 in
599 2943 675 3003 add.
693 2963 722 3018 p.
741 2943 854 3019 43213,
877 2944 956 3004 unde
975 2945 1055 3004 diseo
1074 2944 1154 3004 idem
1171 2945 1230 3004 iem
1249 2949 1319 3006 ante
1338 2967 1386 3007 me

214 3035 326 3096 vidisse
346 3033 591 3093 Schoemannum.

306 3125 399 3184 1290.
428 3118 536 3182 ἰοῦτα
555 3116 683 3196 πράξω
703 3118 853 3196 τλήεομαι
872 3118 910 3182 τό
928 3123 1107 3184 κατθανεῖν.

304 3212 463 3272 Manifesto
489 3231 549 3271 non
568 3211 680 3270 suffieit
705 3211 829 3270 Heathii
855 3213 997 3271 correctio
1024 3208 1134 3273 ἰοῦεα
1160 3207 1277 3287 κάγὼ,
1298 3234 1388 3290 quam

214 3302 327 3378 recepit
336 3302 517 3376 Dindorfius‚
527 3301 623 3360 multo
635 3301 724 3360 etiam
734 3301 832 3360 minus
848 3301 878 3358 id
888 3300 966 3376 quod
979 3304 1081 3362 eontra
1096 3302 1208 3378 dialogi
1222 3323 1389 3362 sermonem

214 3391 349 3467 peccavit
359 3389 476 3464 Ooraes,
490 3391 622 3450 lettres
636 3389 792 3449 inedites
807 3410 834 3465 p.
848 3392 918 3463 103,
930 3410 1097 3466 proponens
1108 3387 1217 3450 ἰοῦεα
1231 3387 1387 3467 πρότεω.

214 3480 288 3538 Mihi
306 3480 438 3539 nondum
457 3479 594 3555 displicet
617 3480 695 3555 quod
719 3477 790 3544 olim
813 3479 954 3554 proposui
979 3480 1010 3538 in
1027 3479 1217 3539 Analeotis
1236 3482 1386 3558 tragicis

215 3562 298 3647 (post
316 3566 388 3630 Oed.
407 3569 497 3644 Regis
517 3561 692 3647 editionem)
712 3589 740 3643 p.
761 3569 838 3626 202:

428 3651 522 3717 'rote’
542 3651 727 3732 ἄθρακτοτ
746 3653 898 3731 τλήτομαι
916 3652 954 3716 τό
974 3657 1156 3734 κατθανεῖν,

215 3750 250 3807 ut
266 3749 340 3807 haec
359 3749 547 3823 opponantur
565 3766 607 3808 vs.
630 3748 728 3806 1286:

429 3832 458 3894 τί
478 3830 550 3910 δῆτ’
569 3832 633 3908 ἐγὼ
653 3831 852 3896 κάτοικτοτ
872 3829 933 3895 ὧδ’
953 3830 1160 3909 ἀναττένω;

217 3925 269 3984 ubi
290 3919 454 3985 κάτοικτοε
478 3925 622 4002 Scaligeri
646 3927 692 3985 est
710 3926 853 3985 correctio
871 3945 925 4002 pro
945 3919 1101 4001 κάτοικοε,
1126 3929 1177 3987 sed
1200 3929 1311 3988 raetius
1330 3930 1388 3988 for-

217 4017 298 4072 tasse
317 4015 509 4091 Musgravius
529 4009 683 4074 κάτοκνοε
701 4014 834 4074 coniecit.
876 4014 920 4076 cf.
940 4015 1030 4074 etiem
1053 4036 1095 4077 vs.
1113 4020 1211 4077 1302:
1234 4012 1310 4078 ἀλλ’
1328 4014 1387 4078 ἴεθι

216 4100 368 4178 τλήμων
397 4098 468 4164 οὔτ’
496 4097 560 4163 ἀπ’
585 4099 771 4178 εὐτόλμου
804 4097 932 4179 φρενόε.
987 4105 1127 4165 Formam
1162 4107 1219 4167 sibi
1253 4109 1387 4184 ignotam

216 4212 269 4268 pro
289 4185 502 4267 ἀτάρακτοε
522 4194 659 4254 librarios
675 4195 841 4269 corrupisse
856 4194 931 4254 nihil
945 4197 992 4254 est
1006 4195 1083 4271 quod
1098 4196 1249 4256 miremur.
1276 4197 1387 4256 Huius-

216 4281 296 4341 modi
319 4283 432 4358 requiri
454 4284 605 4344 notionem
628 4284 776 4343 intellexit
800 4284 890 4344 etiam
913 4284 1083 4361 Maehlyus,
1107 4284 1159 4360 qui
1177 4306 1273 4362 nuper
1292 4281 1388 4346 iobc'

217 4365 398 4445 ἄτρεττοτ
417 4372 549 4432 coniecit.
581 4373 626 4432 De
645 4366 801 4447 ἄθρακτοτ
821 4371 857 4433 ef.
872 4373 965 4432 Bskk.
984 4373 1095 4432 Anecd.
1110 4393 1138 4448 p.
1154 4375 1226 4449 352,
1249 4377 1298 4437 16.
